1617 3035
789 210 864 263 54

136 338 294 385 sarias
334 337 487 384 factas
526 338 578 380 et
619 334 833 395 vespera
855 331 1323 396 ‘lampadedromiam
1362 340 1519 383 actam
1556 350 1559 354 Α

138 422 420 471 duodecimo
441 420 648 483 denique
670 428 719 469 et
736 421 901 469 ultimo
923 423 1033 469 sive
1053 424 1238 469 mensis
1260 405 1520 471 XXVII1⁸³⁸

136 511 213 557 die
234 511 515 558 sollemnem
543 523 764 571 pompam
789 510 838 556 in
858 523 1027 564 arcem
1051 510 1242 557 ductam
1274 524 1334 557 ac
1361 512 1521 558 maxi-

133 611 264 644 mum
296 612 413 644 esse
443 598 623 645 factum
647 597 954 645 sacrificium.
975 632 987 637 ,Δ
1017 599 1119 645 Aut
1150 598 1194 645 si
1227 599 1275 644 in
1307 598 1519 645 ultimam

136 682 264 732 diem
280 683 729 744 lampadedromiam
741 684 1037 731 constituere
1049 687 1146 750 vis,
1162 686 1281 733 nihil
1294 686 1523 747 impedio.
1592 694 1598 699 “

231 771 389 830 Quum
420 785 562 831 vero,
612 772 826 832 quibus
857 770 1035 818 rebus
1067 773 1297 832 majora
1328 782 1383 821 et
1414 775 1520 821 mi-

135 871 278 905 nora
299 858 733 910 Panathenaea
757 860 913 928 inte}-
933 873 998 905 se
1024 857 1333 926 differant,
1366 875 1521 923 quae-

135 947 231 1008 ris,
283 947 612 994 certissimum
663 947 779 994 illud
829 946 1021 1008 quidem
1079 956 1157 995 est
1216 957 1266 995 et
1311 950 1521 995 omnium

138 1035 424 1096 scriptorum
464 1035 739 1083 testimonio
771 1036 1046 1097 probatum,
1091 1036 1281 1095 peplum
1325 1036 1374 1082 in
1418 1035 1522 1082 sol-

49 1128 51 1130 ’
139 1125 285 1171 lemni
309 1124 393 1170 illa
414 1137 589 1184 pompa
617 1124 735 1169 solis
754 1121 1010 1183 majoribus
1027 1123 1384 1171 Panathenaeis
1402 1136 1520 1170 esse

139 1210 414 1258 deductum.
456 1209 553 1265 ¹¹⁰)

231 1295 529 1343 Difficillima
561 1302 723 1343 autem
755 1295 968 1344 deludis
999 1297 1244 1359 gymnicis
1277 1297 1523 1358 inquisitio

143 1392 236 1435 est.
299 1386 431 1432 Nam
463 1385 649 1431 Auctor
681 1385 885 1444 Argum.
917 1384 1174 1432 Demosth.
1209 1393 1375 1432 contra
1405 1385 1522 1432 Me-

140 1473 276 1537 dian,
308 1473 424 1519 licet
455 1470 629 1519 infidus
662 1471 785 1517 alias
820 1477 869 1519 et
901 1472 1115 1520 incertus
1146 1474 1226 1536 sit,
1258 1470 1420 1519 tradit:
1474 1466 1524 1519 ἓν

141 1558 230 1620 μὲν
257 1550 340 1605 οὖν
371 1559 475 1612 τοῖς
510 1549 744 1620 μεγάλοις
775 1549 1021 1619 γυμνάσιά
1053 1572 1182 1607 τινα
1214 1558 1385 1620 (quam
1406 1573 1524 1606 sus-

140 1645 294 1710 pense
324 1646 503 1694 dictum
516 1650 555 1702 2)
588 1639 799 1706 ἐγίνοντο
837 1651 979 1706 atque
1004 1644 1183 1693 Suidas
1212 1661 1253 1692 s.
1276 1662 1324 1691 v.
1346 1647 1526 1692 Πανα-

139 1725 327 1797 θήναια
374 1733 553 1780 diserte
595 1732 713 1778 dicit
753 1724 833 1777 τὸν
879 1723 1045 1793 dynam
1088 1724 1175 1788 δἰοὲ
1217 1727 1359 1778 πέντε
1379 1784 1381 1787 ⁴
1403 1728 1523 1779 ἐτῶν

141 1814 359 1885 &bragam
389 1821 442 1868 h..
472 1835 516 1867 e.
551 1811 641 1867 διοέ
672 1813 1072 1884 πενταετηρίδος,
1115 1820 1323 1882 quinque
1367 1826 1449 1867 aut
1479 1820 1525 1867 si

142 1911 413 1959 accuratius
437 1909 663 1971 loquaris,
696 1913 899 1968 quatuor
931 1922 1166 1954 annorum»
1184 1908 1341 1968 Spatio
1374 1910 1528 1956 inter-

135 2000 293 2062 jecto,
348 2010 466 2059 ergo
511 1996 631 2043 solis
673 1993 929 2055 majoribus
970 1995 1363 2051 Panathenaeiss
1424 1994 1527 2042 Sed

144 2085 367 2145 quamvis
389 2077 635 2142 Anonymi
666 2080 791 2129 fides
813 2082 1089 2129 labefactari
1115 2089 1168 2128 et
1194 2083 1321 2143 apud
1344 2082 1527 2129 Suidae
1562 2070 1564 2072 .

146 2185 319 2221 vocem
352 2161 516 2232 ἆγῶνα
549 2170 760 2231 suppleri
790 2166 883 2215 τῶν
913 2158 1136 2231 μεγάλων
1165 2163 1527 2233 Παναθηναίων

143 2258 326 2322 possit,
377 2261 593 2305 tenemur
641 2263 801 2304 tamen
847 2257 957 2304 aliis
1005 2256 1164 2304 adhuc
1208 2256 1527 2319 'arg-umentis.

145 2343 276 2394 Nam
294 2343 519 2392 Herodes
540 2343 753 2403 Atticus-1
773 2334 1207 2391 teste-Philostrato
1226 2346 1285 2403 11,
1305 2343 1355 2404 5,
1381 2355 1527 2404 quum
1610 2389 1614 2394 .

150 2429 389 2492 quondam
405 2428 780 2478 -Panathenaeis
820 2431 1012 2493 liturgia
1036 2430 1235 2477 -fimctus
1273 2436 1527 2478 coronatus

151 2524 312 2579 esset,
343 2532 401 2566 se
431 2516 761 2567 Athenienses
792 2541 857 2551 --—
884 2516 1119 2581 proximis
1150 2516 1300 2580 ludis,
1337 2528 1447 2564 nm
1480 2514 1528 2563 id
