1617 3035
761 215 833 272 38

112 363 275 398 eorum
303 362 336 395 >a
366 346 596 393 Mummio
629 347 894 403 devastata,
927 354 1018 385 non
1039 338 1347 404 omitteretur,
1379 338 1486 397 sed,

110 438 263 486 donec
283 436 503 482 restituta
521 442 671 493 esset,
693 430 938 492 Sicyoniis
954 428 1209 488 juberetur.
1271 426 1486 487 Inscrip-

110 522 315 571 tionibus
346 538 409 569 ex
427 524 765 583 Imperatorum
792 526 1000 578 tempore
1024 514 1220 575 saepius
1236 515 1484 562 Panathe-

109 623 333 656 naeorum
349 609 522 656 mentio
541 610 594 654 fit
618 607 852 666 ⁸¹)mtque
867 606 973 665 ipso
992 611 1155 664 quarto
1178 604 1373 649 saeculo
1387 581 1484 647 Hi'-

108 697 285 744 merius
317 704 413 742 tam
444 701 714 741 accuratam
745 707 907 739 eorum
938 690 1484 752 narrationem.exhibet,

106 792 159 832 ut
199 784 259 831 ad
294 789 579 844 postremam
621 795 773 841 usque
814 779 1101 842 paganitatis
1133 785 1340 828 aetatem
1369 794 1484 841 per-

108 872 308 917 durasse
338 869 505 916 merito
536 869 888 915 concludamus.

110 1018 229 1073 III.
311 1017 432 1084 Quo
460 1025 702 1091 tempore
722 1016 1136 1072 Panathenaea
1172 1020 1230 1070 et
1264 1017 1481 1090 majora

429 1125 486 1173 et
520 1122 738 1173 minora
775 1123 905 1172 acta
944 1120 1076 1171 sint.
1102 1115 1168 1182 *J

199 1244 274 1289 De
289 1241 544 1301 majoribus
570 1242 687 1287 nihil
707 1242 896 1288 dubium
919 1247 1008 1287 est.
1072 1241 1200 1286 Nam
1227 1240 1387 1300 quinto
1406 1238 1478 1298 ⁸²)

106 1330 188 1376 vel
228 1336 280 1375 ut
322 1343 410 1375 nos
449 1342 778 1387 numeramus,
823 1334 987 1387 quarto
1014 1324 1087 1384 ⁸³)
1122 1326 1295 1386 quovis
1337 1340 1478 1387 anno,

106 1415 405 1477 Olympiadis
461 1413 691 1474 cujusque
752 1415 890 1462 tertio
921 1412 995 1472 ⁸⁴¹)
1053 1414 1294 1461 celebrata
1355 1421 1482 1476 sunt,

108 1500 537 1549 Hecatombaeonis
571 1503 779 1549 emensis
822 1502 927 1562 die,
976 1508 1119 1547 otava
1162 1508 1210 1548 et
1240 1501 1482 1562 vigesima

112 1587 227 1648 (τοῦ
241 1580 648 1647 Ἑκατομβαιῶνος
678 1583 813 1651 τρίτῃ
839 1579 1069 1641 οἷπίοντος
1094 1586 1184 1647 85).

199 1673 388 1720 Minora
422 1682 578 1722 autem
610 1674 776 1735 primo,
809 1675 1020 1724 secundo
1055 1681 1102 1721 et
1127 1681 1290 1736 quarto
1309 1675 1481 1736 Olym-

104 1760 260 1822 piadis
304 1774 427 1808 anno
475 1768 585 1807 sunt
629 1762 826 1823 agitata.
898 1762 1244 1822 Harpocration
1287 1763 1481 1822 quidem

104 1847 268 1894 tradit:
303 1843 457 1894 Διττοῖ
472 1838 800 1911 Παναθήναια
826 1839 967 1911 ἤγετο
983 1846 1232 1912 Αθήνησι.
1285 1841 1364 1896 To?
1393 1846 1483 1910 μὲν

106 1926 225 1981 καθ’
256 1929 454 1981 ἕκαστον
488 1927 718 1981 ἐνιαυτόν.
787 1927 945 1996 Τοῖιὸὲ
971 1929 1059 1982 deo?
1087 1932 1482 2001 πενταετηρίδος,

155 2125 197 2167 *)
227 2124 361 2173 Quum
399 2128 500 2164 haec
525 2124 616 2173 jam
655 2130 812 2175 scripta
845 2130 1186 2176 essentsaccepi
1219 2129 1477 2176 benignitate

228 2188 474 2234 Hermanni‚
516 2192 596 2226 viri
635 2193 880 2239 doctissimi,
936 2191 1106 2228 Miilleri
1139 2189 1229 2239 jam
1266 2193 1477 2230 laudatam

227 2249 626 2289 Commentationem
654 2257 697 2290 et
722 2255 763 2291 in
780 2256 917 2291 Musei
932 2253 1286 2303 Cantabrigiensis
1307 2257 1405 2296 Vol.
1424 2258 1475 2293 Π.

226 2315 321 2350 inde
348 2324 374 2350 a
400 2325 494 2362 pag.
523 2316 596 2351 227
612 2317 821 2365 insertam,
850 2320 914 2355 cui
936 2320 1081 2355 titulus
1107 2317 1229 2365 „Quo
1248 2321 1346 2356 anni
1368 2323 1475 2356 tem-

226 2397 327 2433 pore
353 2390 644 2425 Panathenaea
671 2392 840 2438 minora‚
875 2383 970 2426 TA
981 2381 1221 2427 MIKPA
1237 2381 1474 2427 HANA-

230 2450 509 2497 ΘΗΝΑΙΑ
538 2464 750 2502 celebrata
786 2469 887 2514 sint,
932 2470 986 2504 et.
1009 2469 1278 2505 vehementer
1304 2469 1475 2515 gavisus

228 2533 332 2571 sum,
357 2537 478 2572 quum
499 2530 666 2565 nostras
683 2531 910 2568 sententias
932 2533 1158 2569 convenire
1174 2531 1470 2577 intelligerem.
