1617 3035
756 238 831 347 55

101 349 422 421 supplendum
459 361 741 412 videtur—
775 365 824 411 in
864 362 1021 412 stadio
1052 373 1081 413 e
1113 374 1349 412 marmore
1392 377 1484 410 ex-

110 452 301 497 structo
313 462 425 496 esse
443 457 757 512 excepturum
778 451 1022 512 pollicitus
1045 458 1147 512 est3
1178 448 1354 499 deinde
1377 432 1486 513 ¹1³&

108 533 499 594 quadriennii
530 538 689 597 sputio
722 536 931 584 stadium
952 538 1171 585 confecit.
1233 538 1336 586 Sed
1355 535 1483 600 quod

107 622 367 669 maximum
399 629 493 683 est,
524 623 971 670 Panathenaeorum
1003 626 1295 684 pentaeteris
1324 633 1378 672 ut
1396 626 1484 672 vi·-

108 707 267 756 dimus
278 715 362 760 ⁴rex
378 709 737 771 Olympicorum
762 710 977 760 ludorum
1009 702 1318 758 similitudine
1340 711 1487 757 insti-

107 802 210 841 tuta
241 803 383 855 atque
432 799 631 858 amplior
659 796 993 859 gymnicorum
1023 799 1331 845 certaminum
1363 797 1485 845 ratio

108 882 376 930 introducta
408 899 521 931 esse
548 882 753 947 videtur,
786 901 848 932 ex
880 885 972 947 quo
1004 886 1097 933 hos
1117 885 1373 948 gymnicos
1404 885 1511 931 lu·-s

109 970 196 1017 dos
218 980 338 1031 post
370 972 573 1031 quodvis
605 971 965 1033 quadriennium
996 973 1202 1031 demum,
1234 978 1289 1018 ut
1312 972 1487 1032 Olym-

109 1057 245 1118 piae,
294 1057 500 1105 rediisse
532 1058 758 1105 concludi
787 1066 967 1120 potest.
1014 1084 1079 1092 ——
1160 1058 1343 1105 Contra
1372 1070 1490 1103 vero

108 1144 390 1203 Hesychius
422 1123 762 1192 Panathenaea
803 1146 991 1192 definit:
1033 1138 1066 1208 ἦ
1096 1141 1189 1190 τῶν
1219 1137 1492 1207 Aomdum

111 1222 254 1295 ἑορτή
274 1221 358 1278 καὶ
375 1224 546 1294 ἄγων,
572 1238 620 1279 et
642 1232 701 1279 ab
722 1233 831 1279 aliis
852 1246 1038 1293 quoque
1057 1231 1292 1286 [Pausan.
1308 1229 1488 1278 Arcad.

111 1317 309 1366 Aristid.
326 1319 527 1366 Panath.
555 1321 583 1366 1.
600 1322 670 1374 c.)
700 1305 1039 1367 Panathenaea
1070 1308 1337 1381 generatim
1371 1319 1488 1373 (non

112 1406 216 1452 sola
246 1405 450 1468 magna)
483 1406 582 1452 ludi
614 1420 728 1454 esse
760 1387 1073 1468 explicantur.
1151 1405 1338 1454 Deinde
1370 1406 1489 1453 Ari-

109 1493 236 1540 stide
268 1500 391 1542 teste
422 1494 624 1542 Panath.
657 1492 769 1541 329⁰
789 1493 986 1542 Canter.
1019 1495 1236 1557 gymnici
1265 1492 1367 1542 ludi
1399 1509 1491 1541 au-

111 1581 384 1640 tiquissima
403 1580 525 1628 adeo
552 1595 712 1628 eorum
730 1595 844 1642 pars
854 1580 993 1641 juxta
1020 1583 1312 1629 sacrificium
1335 1581 1490 1634 fuisse

112 1675 161 1715 et
183 1669 309 1715 hanc
325 1668 385 1713 ob
409 1683 509 1715 rem
527 1655 868 1729 antiquioribus
888 1675 1017 1715 certe
1033 1667 1320 1728 temporibus
1341 1674 1486 1726 quot-

113 1756 250 1800 annis
283 1755 399 1800 editi
429 1754 664 1799 videntur.
726 1754 947 1810 Denique
978 1753 1143 1813 decem
1162 1752 1483 1799 Atheothetae

113 1841 191 1903 qui
224 1819 368 1888 etiam
399 1839 653 1902 gymnicos
671 1837 811 1885 ludos
843 1837 1247 1899 administrabant,
1279 1836 1328 1886 in
1358 1852 1480 1900 qua-

113 1937 216 1976 tuor
247 1942 399 1975 annos
432 1941 549 1988 ergo
578 1940 672 1973 non
703 1925 855 1973 solum
886 1925 1114 1986 majorum
1139 1926 1477 1974 Panathenae-

115 2031 273 2077 orum,
307 2013 396 2061 sed
428 2014 571 2060 etiam
603 2013 835 2059 minorum
867 2015 1025 2075 gratia
1057 2013 1316 2075 eliguntur,
1349 2013 1476 2059 teste

113 2102 312 2149 Polluce
342 2102 469 2148 VIII.
500 2099 533 2145 9
563 2112 718 2159 segm.
749 2097 828 2144 93.
869 2099 965 2152 Η1)

74 2184 78 2186 ’
205 2189 323 2237 Utut
362 2202 479 2236 vero
518 2201 575 2234 se
605 2200 685 2233 res
716 2185 896 2245 habet,
922 2182 1129 2245 majores
1159 2183 1308 2233 feriae
1350 2190 1398 2230 et
1428 2182 1477 2229 in

116 2275 336 2321 omnibus
368 2276 510 2322 rebus
540 2280 592 2321 et
622 2273 670 2319 in
693 2272 943 2336 gymnicis
965 2271 1100 2319 ludis
1131 2278 1257 2319 certe
1284 2269 1478 2331 magni-

115 2361 387 2409 ficentiores
430 2360 685 2407 minoribus
714 2359 928 2419 suerunt'3
975 2372 1035 2406 ac
1066 2360 1109 2405 si
1140 2351 1262 2419 quid
1283 2358 1478 2405 sollem-

116 2448 244 2495 nium
265 2446 853 2498 inPanathenaeisssactum
870 2459 984 2494 esse
998 2431 1257 2506 generatim
1273 2457 1303 2490 a
1318 2443 1482 2505 scrip-

117 2535 296 2583 toribus
324 2535 503 2582 mentio
534 2535 603 2598 fit,
633 2528 684 2580 id
716 2532 776 2582 ad
803 2533 1005 2594 majores
1036 2530 1164 2579 certe
1178 2525 1482 2580 referendum
