1617 3035
732 228 803 283 15

6 376 9 381 Δ
82 363 183 414 estr,
215 368 356 417 quam
375 354 434 400 ob
451 367 548 401 rem
560 354 884 402 Athenienses
899 368 985 415 per
998 366 1105 400 eam
1115 352 1357 412 Jurabant,
1385 348 1461 408 ¹⁴)

10 421 17 465 f·
81 449 131 490 et
161 443 210 489 in
241 442 406 503 primis
429 440 653 503 juvenes,
685 448 936 502 postquam
958 442 1168 499 pueriles
1188 452 1343 486 annos
1365 450 1462 485 ex·-

80 535 344 591 cesserant,
376 530 522 576 armis
553 527 768 586 acceptis
800 541 856 573 se
878 538 963 585 pro
986 526 1142 585 patria
1167 524 1229 570 ad
1256 532 1460 572 mortem

7 617 11 621 '
79 628 233 676 usque
291 621 584 678 pugnaturos
643 626 758 659 esse
802 601 867 659 ⁴in
911 611 1032 671 ‘ejus
1080 613 1213 659 luco
1241 611 1458 671 sponde-

79 703 218 762 bant3
269 701 341 760 15)
385 709 532 762 atque
574 701 813 762 proprium
852 699 897 746 ei
932 713 1125 746 sacrum
1159 690 1319 763 (ἱερὸν
1347 698 1460 745 sive

2 819 18 848 4
80 780 210 852 ἱερόν
246 782 489 853 τέμενος)
511 788 599 834 sub
643 769 1001 851 septentrionali
1034 787 1162 832 arcis
1194 791 1330 846 parte
1364 782 1458 831 de-

80 874 288 919 dicatum
318 875 420 919 fuit.
452 872 525 929 16)
587 874 717 919 Huic
740 874 955 932 Agraulo
973 872 1171 932 ejusque
1192 872 1457 930 sororibus,

79 960 268 1007 Hersae
296 965 345 1005 et
365 957 614 1031 Randroso
630 958 855 1004 Minerva
875 957 1067 1004 fratrem
1083 967 1261 1019 eorum,
1279 956 1457 1004 Erich-

79 1045 292 1092 thonium
345 1045 454 1091 sive
494 1045 816 1090 Erechtheum
871 1043 945 1101 ¹⁷)
996 1044 1170 1090 cistula
1221 1045 1461 1089 inclusum

28 1179 34 1184 ,
80 1130 444 1179 commendasse
467 1128 638 1177 dicitur
653 1145 779 1177 neve
796 1132 922 1177 hanc
946 1130 1201 1191 aperirent,
1222 1131 1457 1176 uetuisse.

0 1235 22 1279 j
79 1216 182 1267 Sed
200 1216 441 1279 Agraulos
468 1223 517 1263 et
539 1217 958 1277 Hersa„curiosae
983 1216 1251 1277 admodum,
1284 1218 1458 1263 cistam

78 1319 175 1350 non
199 1292 400 1350 scrutari
427 1318 519 1349 non
547 1309 764 1366 possunt,
791 1304 1156 1363 advolutumque
1178 1305 1308 1351 circa
1331 1320 1456 1366 pue·-

79 1404 181 1435 rum
224 1390 481 1435 draconem
520 1389 699 1435 vident.
776 1389 882 1447 Quo
924 1391 1031 1448 ipso
1074 1390 1307 1449 adspectu
1348 1392 1455 1438 sive

80 1491 166 1537 per
197 1476 363 1521 iratam
385 1475 669 1536 Minervam,
702 1474 783 1520 cui
814 1476 980 1522 cornix
1010 1488 1112 1522 rem
1134 1475 1458 1534 adnuntiabat,

3 1548 5 1568 ³
80 1562 128 1607 in
159 1561 363 1606 furorem
395 1566 530 1605 actae
562 1560 622 1606 de
655 1563 783 1606 arcis
813 1564 1179 1621 promptissima
1211 1570 1346 1622 parte
1378 1571 1460 1607 aut

79 1654 131 1694 ut
163 1649 245 1694 alii
273 1648 478 1706 tradunt,
510 1649 559 1694 in
579 1661 712 1694 mar-e
744 1663 801 1694 se
818 1650 1202 1708 praecipitarunt.
1233 1647 1303 1702 ¹⁸)
1352 1650 1459 1697 Una

79 1734 371 1791 Pandrosus‚
403 1740 564 1791 utpote
586 1748 707 1793 quae
722 1735 1065 1793 obtemperavit
1075 1735 1328 1781 Minervae
1343 1732 1456 1793 jus-

82 1820 175 1879 sui,
206 1817 400 1865 servata
430 1824 524 1865 est.

175 1904 303 1963 Quid
344 1904 467 1950 haec
506 1904 662 1950 fabula
704 1902 797 1950 sibi
837 1905 940 1951 vult
982 1912 1032 1952 et
1062 1920 1155 1966 quo
1187 1922 1314 1954 nexu
1346 1921 1456 1954 cum

82 1975 177 2038 iliis
207 1990 342 2037 feriis
368 1987 537 2050 juncta
570 1986 684 2037 est?
715 2012 788 2053 ——7
809 1988 1151 2039 Erichthonius
1181 2016 1248 2024 -·
1277 2000 1330 2040 ut
1353 1993 1455 2053 jam

79 2071 285 2124 nominis
324 2076 611 2138 etymologia
648 2076 827 2124 indicat
864 2101 930 2111 —-
960 2085 1118 2127 terrae
1148 2079 1458 2142 ejusdemque

80 2163 337 2235 {rugiferae
376 2162 445 2220 ¹⁹)
488 2163 607 2211 deus
651 2169 742 2210 est.
763 2164 944 2214 *Hanc
985 2167 1044 2214 ob
1081 2181 1183 2214 rem
1216 2168 1456 2230 serpentis

82 2250 245 2310 specie
267 2257 348 2296 aut
365 2257 496 2297 certe
516 2241 875 2314 δρακοντόπους
900 2254 1142 2312 cogitatus
1164 2261 1256 2315 est,
1282 2269 1454 2314 quum-

14 2399 16 2401 >
83 2349 174 2405 que
195 2333 442 2383 humanior
465 2343 601 2384 aetas
623 2337 766 2384 talem
784 2338 983 2386 sormam
998 2347 1262 2404 respueret,
1295 2348 1452 2388 tamen

81 2423 132 2468 in
150 2412 407 2467 Erechthei
437 2423 547 2469 fano
576 2416 801 2487 σ’ἱκουρος
831 2418 967 2490 ὄφις,
997 2428 1126 2473 urbis
1157 2434 1323 2474 custos
1342 2442 1455 2486 sen·

12 2517 13 2520 ’
81 2515 309 2570 vatorque
337 2512 512 2571 populi,
541 2511 704 2559 inesse
724 2511 945 2575 traditus,
976 2515 1054 2561 cui
1085 2515 1257 2575 quovis
1286 2528 1456 2566 mense
