1617 3035
805 198 841 249 4

109 346 114 348 ⁷
141 325 421 383 hominibus,
436 322 724 381 excolantur,
734 333 887 380 neque
906 320 999 365 ulla
1009 319 1193 377 indoles
1225 320 1505 379 imperfecta

140 412 434 472 relinquatur.
499 404 607 466 Quo
638 404 740 453 fieri
768 419 862 453 non
893 404 1044 467 potuit
1060 403 1173 465 quin
1193 405 1504 467 quodcunque

139 501 351 558 agerent,
383 492 548 568 divina
577 494 720 541 etiam
753 506 977 540 emanare
1007 491 1190 552 origine
1220 498 1363 553 atque
1395 507 1503 540 om-

136 597 227 634 nes
257 581 438 644 ingenii
467 580 718 629 facultates
750 579 817 647 dii
850 593 963 652 ess-e
980 585 1061 627 aut
1082 584 1211 652 certe
1236 591 1267 624 a
1283 579 1504 639 peculia·
1589 596 1591 600 ⁴

136 669 266 717 ribus
289 668 381 714 diis
396 666 568 713 insitae
584 680 700 712 esse
717 666 766 713 et
785 672 1176 726 repraesentatae
1209 663 1502 711 viderentur.

136 755 295 815 Quare
327 766 481 814 quum,
500 767 624 800 unus
668 751 788 800 deus
817 766 922 799 non
954 753 1229 809 universam
1270 759 1504 814 mentem,

138 840 226 889 sed
285 840 425 901 quasi
483 839 722 904 singulam
782 846 963 887 tantum
998 837 1122 898 ejus
1180 846 1364 899 partem
1421 854 1504 886 re-

139 933 478 990 praesentaret,
518 915 708 987 semper
738 926 996 973 universus
1027 926 1108 973 hic
1139 926 1334 973 deorum
1364 940 1502 977 com-

139 1014 314 1076 plexus
346 1020 394 1059 et
424 1011 688 1073 conjunctio
720 1012 1061 1060 consideranda
1082 1020 1174 1072 est,
1208 1014 1251 1059 si
1282 1013 1343 1059 de
1375 1011 1505 1059 divi-

130 1082 227 1148 'nis
248 1100 404 1160 rebus,
435 1098 603 1160 quales
635 1099 760 1160 apud
779 1098 994 1147 Graecos
1025 1099 1215 1161 fuerint,
1247 1098 1527 1158 dijudicare>

141 1186 234 1231 vis.
306 1165 443 1232 Unus
495 1184 615 1231 deus
669 1200 699 1231 a
740 1186 916 1232 ceteris
968 1184 1189 1232 divulsus
1232 1190 1281 1231 et
1321 1199 1407 1245 per
1449 1198 1505 1230 se

139 1277 402 1331 spectatus,
433 1271 637 1331 amplius
657 1272 742 1317 vix
773 1272 1084 1327 nominandus
1104 1279 1180 1318 est
1212 1270 1347 1317 deus.
1390 1271 1504 1318 Nec

136 1358 279 1405 ullam
312 1356 551 1405 Graecam
592 1364 785 1418 gentem
826 1358 1028 1417 cogitari
1059 1365 1217 1418 potest
1247 1356 1343 1404 ullo
1374 1365 1503 1404 tem-
1580 1388 1583 1392 «

139 1457 254 1504 pore
293 1442 483 1489 deorum
523 1457 667 1489 unum
705 1449 885 1494 tantum
922 1449 1210 1491 veneratam
1230 1457 1362 1505 esse,
1412 1444 1501 1490 scd

139 1536 285 1577 totam
332 1541 496 1578 ,eorum
551 1528 892 1597 multitudinem
928 1531 1188 1588 'coluerunt
1237 1542 1406 1576 omnes
1455 1537 1503 1575 et

138 1628 513 1677 unumquemque
553 1614 648 1662 hac
686 1616 914 1663 societate
943 1614 1242 1675 conjunctum
1274 1629 1381 1662 cum
1414 1629 1500 1661 ce—

138 1702 252 1748 teris
285 1701 695 1749 existimaverunt.

228 1789 293 1836 Ut
335 1802 449 1835 vero
488 1789 536 1834 in
578 1804 671 1835 uno
710 1789 900 1835 homine
931 1804 1173 1850 nunquam
1205 1805 1373 1836 omues
1407 1806 1499 1836 ex-

137 1874 228 1922 coli
257 1874 537 1938 facultates„r
580 1874 670 1922 sed
711 1875 802 1921 has
845 1874 1054 1937 negligi,
1109 1876 1229 1923 alias
1270 1873 1502 1941 adaugeri

133 1962 370 2033 viglemus9
402 1962 469 2009 ita
489 1960 728 2014 Graeciae
760 1963 918 2022 populi
949 1977 1034 2022 pro
1066 1976 1157 2008 sua
1189 1964 1403 2024 quisun
1423 1966 1502 2009 in-
1586 1996 1589 1997 γ

133 2030 266 2111 ge‘nii
306 2047 462 2094 indole
506 2048 647 2094 alium
687 2046 813 2094 alius
862 2047 1004 2096 deum
1034 2049 1193 2110 magis
1240 2056 1499 2112 veneratus

134 2140 225 2180 est.
287 2133 415 2179 Nam
448 2147 504 2179 eo
535 2146 721 2192 quoque
753 2134 875 2180 haec
906 2132 1237 2197 subjectivitas
1274 2158 1337 2168 ——
1357 2148 1500 2195 quam

133 2219 403 2282 philosophi
424 2218 659 2265 dicunt—
691 2218 867 2267 Graeci
886 2220 1068 2282 ingenii
1088 2202 1347 2283 spectatur,
1376 2209 1501 2283 quod

133 2307 350 2369 singulae
394 2312 572 2369 gentes
611 2313 708 2354 tam
747 2309 883 2355 varia
920 2314 1018 2355 tam
1057 2308 1304 2370 multiplici
1333 2315 1502 2364 natura

135 2408 192 2440 ac
229 2394 457 2441 facultate
501 2400 710 2440 ornatae·
738 2402 849 2443 sunt
887 2395 1093 2457 ideoque
1130 2396 1207 2443 sui
1239 2410 1296 2444 ac
1325 2396 1501 2458 proprii

137 2478 215 2526 dei
247 2478 429 2532 colendi
462 2480 621 2529 studio
653 2482 870 2532 tinentur.
933 2483 997 2529 Et
1022 2483 1195 2529 sactum
1228 2484 1293 2530 ita
1326 2489 1416 2541 est,
1449 2490 1500 2529 ut
