1617 3035
769 204 845 261 40

120 336 330 386 incidere
349 334 468 382 infra
486 329 790 390 videbimus)
822 344 917 377 non
951 341 1068 377 esse
1089 329 1361 379 celebratas
1391 328 1497 391 ipse

119 423 374 485 intelliges.
400 406 404 407 ⁷
763 481 766 483 ‚
974 410 976 412 ’

205 510 280 556 De
312 507 408 570 die,
441 520 535 570 quo
566 508 747 555 minora
757 505 1097 568 Panathenaea
1120 503 1491 569 celebrarentur,

115 596 273 644 minus
292 603 493 645 constat.
525 596 729 642 Proclu's
741 591 937 655 quidem
954 594 1002 641 in
1023 593 1288 642 comment.
1301 598 1350 639 at
1370 593 1494 640 Plat.

116 684 272 743 Ampl.
305 698 350 743 p.
385 681 460 727 19.
495 674 601 728 Ὅτε
631 678 689 743 γὲ
722 672 829 745 μὴν,
861 681 1030 743 inquit,
1069 672 1132 726 w?
1163 661 1521 742 Παναθὴἷιαια

117 769 220 823 τοῖς
267 762 574 822 Βενὸιὸείοις
604 762 799 824 εἵπετο,
847 761 1073 828 λέγουσιν
1105 761 1157 812 οἱ
1196 758 1494 830 ὕπομνημα-

46 887 56 891 Δ
115 852 278 903 τισταὶ
309 852 393 903 καὶ
406 843 985 920 ἈριστοτέληςὸῬόδιος
1016 847 1205 917 ἱστορεῖ
1235 847 1297 900 vo?
1326 850 1417 914 μὲν
1443 849 1495 901 ἐν

116 943 349 1009 Πειραιεῖ
390 937 655 991 Βενδίδεια
700 940 760 1006 τῇ
797 932 966 990 εἰκάδι
1011 939 1098 988 τοῦ
1150 938 1494 1007 Θαργηλιῶνος

105 1027 477 1092 ἐπιτελεῖσθαι,
524 1025 744 1079 ἕπεσθαι
775 1025 833 1078 δὲ
863 1021 953 1085 τοῖς
991 1025 1109 1094 περὶ
1149 1021 1231 1094 τῆν
1272 1020 1493 1094 Ἀθηνᾶν

119 1110 295 1183 ἑορτάς
329 1117 420 1177 ⁸⁶).
485 1118 620 1177 Quae
637 1125 787 1179 'quum
812 1118 989 1165 ceteris
1011 1117 1296 1165 testimoniis
1328 1131 1493 1178 parum

118 1206 407 1254 conveniant
435 1227 499 1240 ·-
516 1206 611 1252 nisi
642 1206 762 1253 sorte
793 1206 1058 1266 posteriore
1092 1213 1305 1264 tempore
1338 1204 1489 1251 feria-

114 1306 217 1340 rum
250 1290 375 1340 diem
405 1293 744 1354 transpositum
785 1306 899 1340 esse
932 1292 1185 1339 statuis—
1219 1295 1321 1353 jam
1351 1288 1490 1339 Peti-

116 1386 196 1426 tns
248 1381 404 1440 Legg.
455 1380 603 1425 Attic.
649 1389 696 1439 p.
728 1378 791 1424 87
842 1391 946 1438 seq.
985 1376 1061 1425 ed.
1104 1377 1311 1438 Wessel
1358 1382 1492 1425 recte

115 1463 376 1530 iudicavit,
421 1466 730 1512 Aristotelem
760 1465 1004 1513 Rhodium
1045 1480 1140 1512 non
1173 1479 1203 1511 a
1245 1460 1491 1513 Panathe-
1527 1455 1530 1457 ’

121 1554 260 1601 naeis
292 1550 381 1600 sed
414 1567 442 1600 a
462 1548 787 1614 Plynteria‘et
818 1553 940 1614 ipsis
972 1553 1021 1599 in
1052 1554 1303 1601 Minervae
1336 1552 1493 1601 hono-

120 1637 221 1689 rem
252 1640 521 1700 celebratiS,
552 1638 799 1687 Bendidea
826 1640 986 1700 excipi
1010 1640 1246 1687 dicentem
1268 1656 1297 1687 a
1321 1642 1493 1689 Proclo

117 1740 366 1789 perperam
409 1725 703 1773 intellectum
736 1740 867 1773 esse.
929 1728 1020 1774 Est
1050 1734 1182 1775 certe
1211 1729 1491 1792 mirandum,

119 1815 339 1874 quamvis
370 1812 431 1859 ad
463 1818 863 1860 commentatores
889 1813 1093 1861 Proclus
1125 1818 1222 1861 tam
1254 1815 1363 1862 forti
1394 1816 1491 1864 lin-

117 1914 214 1964 gua
265 1900 509 1962 provocit‚
562 1914 622 1946 ne
666 1915 729 1946 ex
769 1912 863 1946 uno
917 1901 1110 1961 quidem
1157 1903 1492 1951 subclariorem

117 2003 227 2036 eum
259 1988 428 2035 afferre
460 1987 782 2049 probationem
813 1990 1045 2049 potuisse.

213 2076 329 2121 Plus
346 2074 485 2135 juvat
506 2074 566 2120 ad
596 2075 719 2122 hanc
750 2090 850 2122 rem
884 2076 1179 2125 enodandam
1210 2074 1345 2124 locus
1378 2090 1491 2125 ora-

116 2161 262 2210 tionis
304 2161 704 2210 Demosthenicae
759 2164 807 2211 in
855 2166 1176 2212 Timocratem
1233 2163 1345 2228 pag.
1380 2165 1490 2212 708.

115 2241 273 2308 Quem
316 2254 369 2295 ut
418 2255 549 2296 recte
596 2250 861 2317 percipias,
919 2252 1221 2314 memineriS‚
1277 2251 1491 2301 ad-‘san-

116 2336 335 2384 ciendam
368 2336 494 2397 apud
517 2336 840 2386 Athenienses
871 2354 1049 2387 novam
1069 2346 1119 2386 et
1139 2341 1348 2400 antiquis
1369 2354 1490 2387 con-

117 2415 308 2470 trariam
342 2422 498 2486 legem
526 2423 623 2479 (cf.
651 2420 764 2489 pag.
793 2425 902 2474 706.
932 2423 1064 2489 707)
1095 2428 1249 2490 primo
1283 2440 1490 2476 necesse

116 2508 270 2557 fuisse
283 2542 297 2571 ,
317 2518 370 2559 ut
389 2513 638 2575 prytaniae
658 2514 836 2575 primae
856 2514 934 2564 die
951 2514 1220 2579 undecimo,
1242 2523 1336 2579 quo
1359 2514 1488 2566 anti-
