1617 3035
810 212 884 268 26

161 349 350 391 noctem
386 340 540 400 capite
573 338 757 398 tollunt,
791 351 914 404 quae
947 337 1058 384 illas
1076 336 1334 389 Minervae
1366 350 1541 386 sacer-

149 431 249 479 dos
288 430 408 476 ferre
433 426 651 490 jusserit,
697 441 840 487 quum
872 438 1028 485 neque
1061 425 1187 487 ipsa,
1231 426 1344 485 quid
1375 426 1540 498 fereu-

157 517 267 565 dum
321 512 430 576 det,
479 526 634 578 neque
687 516 929 577 virgineS,
978 511 1094 576 quid
1135 513 1316 574 ferant,
1366 513 1541 561 sciant.

154 607 245 653 Est
285 605 335 651 in
371 605 486 650 urbe
518 610 707 662 septum
740 601 998 662 quoddam,
1048 616 1143 650 non
1186 602 1329 663 longe
1364 614 1394 646 a
1426 600 1561 657 Ver

157 694 313 755 neriS,
367 704 489 751 quae
531 691 580 735 in
621 690 789 737 Hortis
832 689 1020 735 dicitur.
1095 689 1165 736 Ibi
1218 688 1266 735 iu
1315 687 1530 736 nativam

158 793 354 841 specum
387 776 620 836 quandam
654 776 1007 822 descendentes
1040 790 1163 821 onus
1197 776 1454 840 deponunt,
1491 783 1541 824 et

155 881 239 928 pro
284 881 343 913 eo
385 863 513 912 aliud
554 864 668 911 item
709 865 921 912 velatum
963 869 1014 910 et
1057 862 1297 910 occultum
1340 863 1541 924 tollunt3

158 960 207 1001 et
253 954 346 1000 hae
392 951 582 1012 quidem
615 952 835 1012 virgines
869 951 916 995 in
949 957 1191 1010 posterum
1224 965 1286 996 ex
1319 966 1377 997 eo
1409 958 1539 1000 tem·
1611 1014 1614 1017 ᾖ

157 1054 271 1101 pore
302 1040 482 1085 missae
514 1040 646 1097 fiunt,
688 1038 776 1084 sed
810 1053 894 1097 pro
927 1039 1021 1083 illis
1057 1038 1308 1097 capiuntur
1340 1038 1538 1085 totidem

158 1126 299 1187 aliae,
334 1126 526 1186 quaein
559 1139 720 1172 arcem
753 1120 1096 1173 adducantur.“
1163 1123 1298 1183 Quas
1320 1124 1538 1187 virgines

156 1212 485 1261 Athenienses
534 1214 581 1258 in
615 1214 801 1258 Hersae
849 1212 1076 1259 honorem
1114 1225 1287 1273 pompa
1329 1212 1537 1259 comita-

152 1300 335 1346 bantur.
365 1297 441 1355 52)
505 1299 737 1344 Fortasse
769 1299 819 1345 in
852 1300 1118 1358 sportulas,
1162 1311 1284 1357 quas
1315 1306 1536 1359 reporta·-

153 1387 291 1445 bant,
345 1385 465 1430 rami
506 1385 688 1431 irrorati
732 1391 868 1432 erant
900 1385 1137 1446 impositi,
1184 1385 1252 1432 ita
1292 1391 1346 1431 ut
1394 1385 1536 1445 quasi

156 1472 361 1518 calorem
392 1485 480 1531 per
510 1476 701 1518 noctem
721 1472 890 1518 afferre
914 1472 1035 1517 etin
1066 1470 1298 1531 spelunca
1329 1471 1410 1517 illa
1443 1457 1534 1521 sub

155 1565 331 1606 terram
369 1558 599 1618 condere,
642 1558 815 1606 deinde
850 1572 972 1606 vero
1017 1573 1080 1604 ex
1120 1558 1271 1605 hortis
1304 1558 1535 1622 Veneris,

156 1658 281 1707 quae
326 1644 593 1707 plantarum
639 1645 899 1692 luxurianti
940 1645 1228 1693 incremento
1267 1651 1535 1711 praeesset,

152 1740 390 1795 reportare
421 1747 576 1779 rorem
607 1755 672 1764 —-
688 1727 834 1796 ἔρσην
857 1727 1027 1795 φέρειν
1050 1757 1113 1765 --
1144 1733 1531 1793 viderentur.⁵³)

208 1879 211 1882 Δ
244 1821 354 1867 Hac
385 1820 699 1866 sollemnitate
749 1821 968 1866 absoluta
1001 1826 1078 1867 est
1109 1820 1371 1881 descriptio
1403 1822 1532 1870 illius

149 1908 379 1956 festorum
421 1905 602 1953 dierum
647 1906 791 1968 cycli,
839 1907 921 1965 qui
953 1907 1014 1953 ad
1045 1908 1311 1954 naturalem
1341 1909 1532 1956 Miner·
1613 1919 1617 1971 ξ

148 1993 242 2049 siae
272 1993 482 2041 indolem
523 1992 757 2038 referendi
790 2000 917 2040 sunt.
980 1994 1141 2054 Atque
1185 2001 1239 2041 ut
1261 1975 1323 2041 'hi
1354 1996 1404 2041 in
1435 2010 1526 2044 ae-

149 2086 303 2128 states
343 2080 625 2140 principium
656 2080 960 2140 potissimum
1008 2088 1091 2128 aut
1121 2082 1266 2128 finem
1298 2082 1530 2144 incidunt,

133 2168 390 2228 -Minerva,
424 2174 656 2226 quatenus
689 2166 872 2228 ingenii
904 2168 995 2216 dea
1018 2175 1110 2229 est,
1142 2168 1300 2215 medio
1325 2184 1385 2217 ac
1406 2184 1530 2219 con-

146 2256 376 2304 stantiore
413 2254 600 2300 aestivo
644 2261 853 2316 tempore
899 2272 987 2317 per
1017 2256 1357 2306 Panathenaea
1378 2259 1531 2306 »coli-

148 2350 238 2390 tur.
320 2340 402 2389 Ad
449 2341 579 2388 hanc
625 2357 740 2388 vero
791 2346 1050 2394 maximam
1092 2345 1558 2405 gravissimamque!
1616 2368 1617 2372 =

150 2430 512 2478 sollemnitatem
545 2431 686 2491 quasi
716 2433 964 2480 transitum
985 2432 1100 2480 facit
1127 2431 1392 2493 interjectio
1415 2433 1530 2482 festi
1614 2442 1616 2445 ⁴

151 2514 263 2576 diei,
295 2517 376 2579 qui
406 2507 683 2583 Νικητὴρια
712 2515 924 2582 Ἀθηνᾶς
953 2521 1208 2582 apellatur-3
1247 2528 1297 2569 et
1328 2521 1387 2568 ob
1419 2534 1527 2568 eam
