1617 3035
759 187 833 241 34

110 317 332 367 sti-tuisse
353 314 691 363 Panathenaea
717 313 1010 373 primamque
1032 310 1313 374 quadrigae,
1345 326 1486 373 quam

114 414 165 454 et
191 409 298 466 ipse
331 401 578 460 invenerit,
609 400 859 446 victoriam
892 399 1077 446 dicatur
1102 407 1390 459 reportasse.
1412 399 1484 455 ⁷²)

202 493 312 538 Alia
328 496 488 535 autem
499 478 686 535 traditio
699 493 790 551 est⁹
807 489 1047 535 Theseum
1059 486 1400 538 Erechthidam
1413 490 1430 515 '¹
1440 489 1486 544 ³)

113 577 364 628 duodecim
383 578 561 623 Atticis
578 577 766 637 populis
783 577 835 622 in
865 590 1007 622 unam
1034 576 1305 636 civitatem,
1338 588 1488 622 coac-

111 669 205 728 tis,
249 668 297 712 in
328 666 398 711 rei
430 664 705 710 memoriam
738 663 828 708 has
861 663 1010 708 ferias
1043 662 1321 710 condidisse
1349 663 1487 710 ideo-

112 769 203 816 que
246 754 308 799 iis
350 752 794 806 Panathenaeorum
834 764 1007 795 nomen
1040 750 1251 797 dedisse.
1289 750 1361 806 ⁷⁴²)

204 836 512 900 Thucydides
562 837 632 892 ⁷⁵)
682 853 799 885 vero
847 839 952 884 sola
992 837 1235 899 Synoecia
1279 839 1337 884 ob
1382 851 1489 885 eam

111 944 306 977 causam
338 928 395 972 ab
429 926 506 971 illo
539 927 755 973 instituta
786 927 868 982 ait.
930 927 1143 985 Utraque
1176 933 1336 971 tamen
1368 939 1488 972 sen-

110 1017 262 1064 tentia
310 1015 574 1061 consociari
621 1020 805 1077 potest,
857 1013 996 1060 modo
1044 1012 1337 1075 recorderis,
1397 1028 1488 1073 quo

113 1104 278 1150 intimo
309 1115 438 1147 nexu
469 1102 807 1147 Panathenaea
854 1107 903 1147 et
945 1101 1189 1160 Synoecia
1235 1098 1490 1160 conjuncta

112 1203 228 1236 esse
268 1189 553 1234 annunimus
597 1189 680 1241 (cf.
719 1190 860 1235 etiam
902 1188 1064 1240 infra).
1135 1189 1322 1234 Invenit
1359 1187 1489 1234 enim

112 1278 334 1324 Theseus
386 1276 727 1321 Panathenaea
773 1274 873 1334 jam
927 1283 1040 1322 tunc
1088 1277 1349 1338 celebrata,
1396 1275 1488 1322 sed
1549 1291 1550 1294 ¹

109 1370 299 1425 propter
341 1362 635 1421 synoecismi
684 1362 913 1408 rationem
956 1362 1202 1422 Synoecia
1252 1361 1489 1423 adjunxit3

110 1451 450 1498 Panathenaea
489 1455 646 1500 autem
686 1450 926 1508 publicum
958 1449 1106 1495 totius
1139 1450 1352 1496 civitatis
1384 1451 1488 1496 sol-

112 1539 270 1584 lemne
302 1536 439 1594 fecit3
472 1536 538 1580 ita
569 1542 621 1580 ut
653 1536 711 1580 ab
731 1536 910 1581 Thesei
943 1536 1139 1584 demum,
1155 1543 1366 1597 tempore
1398 1551 1489 1597 po-

112 1625 290 1669 liticam
313 1622 440 1667 illam
461 1622 857 1683 significationem
875 1630 921 1668 et
945 1621 1168 1681 majorem
1191 1621 1490 1683 splendorem

109 1710 467 1769 claritatemque
500 1708 751 1769 accepisse
784 1708 1046 1756 videantur.
1086 1710 1158 1764 ⁷⁶)

201 1795 390 1844 Deinde
423 1796 652 1855 quomodo
680 1798 911 1856 temporis
943 1801 1096 1844 tractu
1139 1799 1384 1858 immutata
1427 1797 1492 1844 sit
1568 1794 1571 1796 ’

112 1886 547 1933 Panathenaeorum
581 1884 834 1931 celebratio
866 1892 1008 1944 atque
1040 1886 1280 1948 perfecta,
1323 1885 1490 1932 consi-

112 1971 372 2020 derandum
396 1979 485 2018 est.
548 1974 602 2017 In
628 1973 904 2019 universum
934 1973 1024 2020 has
1044 1973 1208 2035 ferias,
1234 1979 1286 2019 ut
1307 1985 1492 2034 omnes,

113 2075 143 2108 a
175 2062 387 2107 tenuiore
421 2058 554 2105 initio
588 2060 787 2124 exiisse,
819 2059 909 2108 sed
943 2069 1041 2109 tres
1064 2062 1172 2108 illas
1189 2075 1285 2119 res,
1319 2060 1491 2119 quibus

111 2148 413 2209 potissimum
453 2147 801 2211 contineantur,
839 2174 903 2182 -
942 2150 1220 2211 gymnicam
1253 2148 1490 2194 exercita-

113 2236 316 2296 tionem,
366 2234 613 2280 chororum
657 2243 870 2298 cantum,
917 2238 1146 2283 sollemne
1187 2236 1491 2296 sacrificium,

117 2335 315 2382 quocum
354 2328 524 2382 postea
561 2322 817 2383 magnifica
851 2324 911 2369 ad
944 2338 1102 2371 arcem
1135 2337 1307 2384 pompa
1350 2322 1492 2370 fuerit

117 2409 365 2468 ‚conjuncta
401 2434 465 2444 ·-—-
506 2410 759 2456 dicendum
802 2418 877 2456 est
909 2411 1009 2470 jam
1042 2412 1301 2470 antiquitas
1332 2410 1492 2456 exsti·-

114 2496 265 2556 tisse3
296 2504 464 2556 postea
486 2505 661 2561 autem,
692 2510 833 2557 quum
855 2498 1155 2560 gymnastica
1172 2499 1492 2559 perficeretur,
