1617 3035
766 188 841 246 44

116 328 315 381 prorsus
344 312 463 364 ratio
494 318 586 377 est,
617 315 730 362 nam
762 320 816 362 ut
846 312 953 375 ipse
992 303 1271 362 Aeschines
1302 309 1491 361 advers-

114 405 475 463 Ctesiphontem
508 398 560 463 Β.
592 400 688 447 227
719 402 786 448 ait
800 387 886 464 τῆξ
902 389 1064 472 μάχης
1087 397 1177 458 (ad
1192 396 1491 458 Coroneam)

113 483 455 552 ἐπιγενομένης
497 478 586 535 οὐκ
622 478 952 549 ἐσχολάζομεν
985 482 1104 551 περὶ
1134 477 1216 548 τὴν
1252 478 1338 548 σὴν
1363 476 1493 533 εἶναι

110 570 365 640 τιμωρίαν,
387 567 620 640 dammae
634 556 719 640 τῆς
735 569 980 641 σωτηρίας
990 571 1075 639 τῆς
1091 562 1283 627 πόλεως
1299 567 1493 637 ἐπρεσ-

111 655 334 724 βεύομεν.
352 662 734 722 (eficlintonium
744 663 966 724 Append.
984 662 1063 709 20.
1083 678 1132 724 p.
1151 660 1282 719 362.)
1317 661 1493 721 Neque

112 766 227 799 vero
260 750 405 811 hujus
432 750 631 813 generis
657 750 752 796 ulla
771 765 825 796 re
855 749 1112 810 impeditus
1146 756 1223 797 est
1253 748 1493 796 Diodorus

110 836 249 897 (huic
282 836 431 899 enim⁷
476 837 832 884 Demosthenes
865 837 1219 883 Timocrateam
1252 834 1493 895 scripsit),

110 929 275 971 contra
305 938 361 971 se
395 924 709 971 acerbissimo
743 923 793 969 in
825 920 1154 971 adversarium
1187 937 1243 970 se
1286 920 1493 983 flagrare

114 1009 222 1058 odio
243 1011 375 1070 dicit,
399 1009 474 1070 ⁸⁷)
508 1012 633 1071 quod
656 1023 828 1072 nempe
846 1008 909 1056 ad
941 1009 1250 1072 premendam
1281 1020 1494 1071 causam,

115 1104 167 1146 ut
199 1099 293 1146 alia
324 1113 403 1146 res
434 1099 580 1162 nulla,
614 1115 720 1147 eam
752 1100 1026 1147 incitaverit
1056 1111 1264 1146 necesse
1297 1103 1387 1144 est.

208 1185 550 1233 Verumtamen
591 1201 652 1231 ne
694 1184 808 1246 qusai
849 1186 1059 1247 supersit
1099 1183 1405 1240 dubitationis
1447 1184 1496 1231 in

114 1272 205 1319 hac
236 1288 315 1334 re,
348 1286 442 1332 qua
473 1285 664 1319 summa
696 1272 758 1319 de
788 1272 1019 1319 minorum
1052 1271 1496 1319 Panathenaeorum

113 1365 342 1422 tempore,
373 1358 592 1420 quaestio
612 1365 842 1421 vertatur,
876 1359 1231 1420 chronologicis
1264 1357 1498 1406 subsidiis

114 1454 320 1511 tempus,
352 1460 446 1508 quo
476 1446 730 1507 Epicrates
760 1446 1060 1508 rogationem
1090 1445 1268 1507 tulerit,
1300 1445 1498 1496 definire

115 1535 337 1584 conabor.

207 1621 336 1668 Nam
380 1619 683 1668 Timocratea
721 1622 800 1668 lex
841 1601 890 1668 in
933 1621 1138 1685 gratiam
1169 1620 1497 1685 Androtionis,

113 1706 306 1757 Glaucii
337 1715 385 1755 et
416 1708 660 1767 Melanopi
691 1708 788 1754 lata
822 1715 915 1770 est,
952 1709 1050 1769 qui,
1083 1722 1228 1768 quum
1260 1708 1409 1770 legati
1435 1707 1498 1756 ad

112 1792 386 1844 Mausolum
408 1795 582 1843 Cariae
601 1802 842 1856 satrapem
873 1795 1015 1843 missi
1046 1802 1228 1852 essent,
1260 1796 1498 1857 pecunias

114 1882 364 1946 quasdam,
397 1896 520 1943 quas
545 1883 836 1942 reipublicae
864 1899 928 1931 ex
946 1883 1040 1931 hoc
1062 1885 1234 1932 itinere
1259 1882 1497 1933 debebant

112 1969 202 2030 (cf.
235 1970 591 2032 Argumentum
624 1969 957 2018 Timocrateae
991 1969 1138 2031 orat.)
1172 1973 1298 2019 intra
1328 1971 1497 2033 legiti-

112 2071 242 2104 mum
283 2064 472 2118 tempus
515 2072 607 2105 non
651 2058 910 2107 solverant.
974 2059 1142 2107 Causa
1178 2066 1369 2119 autem,
1412 2072 1496 2107 cut

108 2144 261 2206 legati
293 2144 621 2209 mittebantur,
667 2145 794 2192 haec
840 2145 945 2193 fuit.
1010 2144 1155 2192 Haud
1176 2181 1179 2185 .
1197 2145 1342 2193 multo
1382 2151 1495 2206 ante

112 2245 289 2279 annum
321 2229 417 2278 353
449 2245 495 2277 a.
529 2231 641 2278 Chr.
675 2231 794 2293 (quo
810 2235 1116 2301 Timocratea
1135 2231 1360 2291 habetur)
1394 2234 1495 2280 Ar-

113 2318 333 2380 tabanne,
366 2323 561 2379 satrapa
584 2317 828 2382 Persicus,
862 2320 1101 2368 seditione
1127 2327 1294 2368 contra
1324 2309 1495 2382 regem

114 2403 239 2452 facta
269 2404 380 2452 inde
412 2388 471 2453 ab
502 2405 669 2451 ultima
701 2406 811 2452 belli
834 2408 1032 2455 socialis
1063 2421 1187 2455 anno
1212 2405 1309 2454 353
1338 2420 1495 2467 usque

116 2488 178 2541 ad
209 2503 380 2545 aunum
396 2498 543 2547 certe
573 2489 694 2560 353,
734 2488 808 2560 ⁸⁸)
850 2509 880 2543 a
921 2482 1130 2548 Graecis
1171 2495 1364 2562 adjuns
1402 2503 1495 2545 est.
