<?xml version="1.0" encoding="UTF-8"?>
<!DOCTYPE html PUBLIC "-//W3C//DTD XHTML 1.0 Transitional//EN"
    "http://www.w3.org/TR/xhtml1/DTD/xhtml1-transitional.dtd">
<html xmlns="http://www.w3.org/1999/xhtml" xml:lang="en" lang="en">
 <head>
  <title>
</title>
<meta http-equiv="Content-Type" content="text/html;charset=utf-8" />
  <meta name='ocr-system' content='tesseract 3.04.00' />
  <meta name='ocr-capabilities' content='ocr_page ocr_carea ocr_par ocr_line ocrx_word'/>
</head>
<body>
  <div class='ocr_page' id='page_1' title='image "./4622898_0053.png"; bbox 0 0 1617 3035; ppageno 0'>
   <div class='ocr_carea' id='block_1_1' title="bbox 769 204 844 259">
    <p class='ocr_par' dir='ltr' id='par_1_1' title="bbox 769 204 844 259">
     <span class='ocr_line' id='line_1_1' title="bbox 769 204 844 259; baseline 0 0"><span class='ocrx_word' id='word_1_1' title='bbox 769 204 844 259; x_wconf 73' lang='lat'><strong>42</strong></span> 
     </span>
    </p>
   </div>
   <div class='ocr_carea' id='block_1_2' title="bbox 63 312 1495 2570">
    <p class='ocr_par' dir='ltr' id='par_1_2' title="bbox 63 312 1495 2217">
     <span class='ocr_line' id='line_1_2' title="bbox 63 312 1493 394; baseline -0.005 -11"><span class='ocrx_word' id='word_1_2' title='bbox 63 312 66 316; x_wconf 87' lang='lat'>.</span> <span class='ocrx_word' id='word_1_3' title='bbox 117 346 268 383; x_wconf 87' lang='lat' dir='ltr'><strong>causa</strong></span> <span class='ocrx_word' id='word_1_4' title='bbox 299 347 354 381; x_wconf 89' lang='lat' dir='ltr'><strong>se</strong></span> <span class='ocrx_word' id='word_1_5' title='bbox 377 328 655 392; x_wconf 83' lang='lat' dir='ltr'><strong>psephisma</strong></span> <span class='ocrx_word' id='word_1_6' title='bbox 681 345 823 378; x_wconf 92' lang='lat' dir='ltr'><strong>suum</strong></span> <span class='ocrx_word' id='word_1_7' title='bbox 846 331 971 378; x_wconf 86' lang='lat' dir='ltr'><strong>ferre</strong></span> <span class='ocrx_word' id='word_1_8' title='bbox 990 328 1107 377; x_wconf 91' lang='lat' dir='ltr'><strong>dicit</strong></span> <span class='ocrx_word' id='word_1_9' title='bbox 1125 323 1234 394; x_wconf 68' lang='grc' dir='ltr'><strong>(τῆν</strong></span> <span class='ocrx_word' id='word_1_10' title='bbox 1256 322 1493 393; x_wconf 79' lang='grc' dir='ltr'><em>διοίκησω</em></span> 
     </span>
     <span class='ocr_line' id='line_1_3' title="bbox 118 407 1494 484; baseline -0.003 -14"><span class='ocrx_word' id='word_1_11' title='bbox 118 418 201 470; x_wconf 85' lang='grc' dir='ltr'><strong>καὶ</strong></span> <span class='ocrx_word' id='word_1_12' title='bbox 246 412 302 469; x_wconf 83' lang='grc' dir='ltr'>τὸ</span> <span class='ocrx_word' id='word_1_13' title='bbox 331 417 414 483; x_wconf 75' lang='grc' dir='ltr'><strong>τῆς</strong></span> <span class='ocrx_word' id='word_1_14' title='bbox 443 414 614 484; x_wconf 74' lang='grc' dir='ltr'><em>ἑορτῆς</em></span> <span class='ocrx_word' id='word_1_15' title='bbox 645 407 1042 484; x_wconf 78' lang='grc' dir='ltr'><em>προστησάμενος</em></span> <span class='ocrx_word' id='word_1_16' title='bbox 1088 419 1494 482; x_wconf 77' lang='grc' dir='ltr'><em>κατεπεῖγον),</em></span> 
     </span>
     <span class='ocr_line' id='line_1_4' title="bbox 117 504 1493 553; baseline -0.001 0"><span class='ocrx_word' id='word_1_17' title='bbox 117 522 207 553; x_wconf 89' lang='lat' dir='ltr'><strong>non</strong></span> <span class='ocrx_word' id='word_1_18' title='bbox 246 507 482 552; x_wconf 86' lang='lat' dir='ltr'><strong>immerito</strong></span> <span class='ocrx_word' id='word_1_19' title='bbox 528 522 617 553; x_wconf 87' lang='lat' dir='ltr'><strong>eas</strong></span> <span class='ocrx_word' id='word_1_20' title='bbox 659 508 804 553; x_wconf 85' lang='lat' dir='ltr'><strong>ferias</strong></span> <span class='ocrx_word' id='word_1_21' title='bbox 850 504 1021 553; x_wconf 89' lang='lat' dir='ltr'><strong>eodem</strong></span> <span class='ocrx_word' id='word_1_22' title='bbox 1074 506 1493 553; x_wconf 87' lang='lat' dir='ltr'><strong>Hecatombaeone</strong></span> 
     </span>
     <span class='ocr_line' id='line_1_5' title="bbox 115 590 1493 647; baseline -0.001 -8"><span class='ocrx_word' id='word_1_23' title='bbox 115 608 282 641; x_wconf 89' lang='lat' dir='ltr'><strong>mense</strong></span> <span class='ocrx_word' id='word_1_24' title='bbox 326 595 618 647; x_wconf 84' lang='lat' dir='ltr'>concluditur</span> <span class='ocrx_word' id='word_1_25' title='bbox 661 590 928 642; x_wconf 73' lang='lat' dir='ltr'><strong>celebratas</strong></span> <span class='ocrx_word' id='word_1_26' title='bbox 977 606 1110 641; x_wconf 84' lang='lat' dir='ltr'><strong>esse.</strong></span> <span class='ocrx_word' id='word_1_27' title='bbox 1164 595 1294 640; x_wconf 88' lang='lat' dir='ltr'><strong>Nam</strong></span> <span class='ocrx_word' id='word_1_28' title='bbox 1337 607 1400 639; x_wconf 89' lang='lat' dir='ltr'><strong>ne</strong></span> <span class='ocrx_word' id='word_1_29' title='bbox 1443 593 1493 639; x_wconf 90' lang='lat' dir='ltr'><strong>in</strong></span> 
     </span>
     <span class='ocr_line' id='line_1_6' title="bbox 115 679 1495 746; baseline -0.002 -17"><span class='ocrx_word' id='word_1_30' title='bbox 115 688 397 742; x_wconf 82' lang='lat' dir='ltr'><strong>sequentem</strong></span> <span class='ocrx_word' id='word_1_31' title='bbox 429 696 488 727; x_wconf 88' lang='lat' dir='ltr'><strong>ea</strong></span> <span class='ocrx_word' id='word_1_32' title='bbox 519 696 735 727; x_wconf 86' lang='lat' dir='ltr'><strong>mensem</strong></span> <span class='ocrx_word' id='word_1_33' title='bbox 767 682 1002 728; x_wconf 83' lang='lat' dir='ltr'><strong>incidisse</strong></span> <span class='ocrx_word' id='word_1_34' title='bbox 1033 688 1200 746; x_wconf 88' lang='lat' dir='ltr'><strong>putes,</strong></span> <span class='ocrx_word' id='word_1_35' title='bbox 1232 679 1495 742; x_wconf 84' lang='lat' dir='ltr'><strong>impediunt</strong></span> 
     </span>
     <span class='ocr_line' id='line_1_7' title="bbox 116 767 1492 832; baseline -0.001 -17"><span class='ocrx_word' id='word_1_36' title='bbox 116 770 259 815; x_wconf 87' lang='lat' dir='ltr'><strong>verba</strong></span> <span class='ocrx_word' id='word_1_37' title='bbox 299 782 410 830; x_wconf 85' lang='lat' dir='ltr'><strong>pag.</strong></span> <span class='ocrx_word' id='word_1_38' title='bbox 443 768 562 832; x_wconf 75' lang='lat'><strong>709,</strong></span> <span class='ocrx_word' id='word_1_39' title='bbox 602 769 635 813; x_wconf 88' lang='lat'>4</span> <span class='ocrx_word' id='word_1_40' title='bbox 678 775 727 816; x_wconf 90' lang='lat' dir='ltr'><strong>et</strong></span> <span class='ocrx_word' id='word_1_41' title='bbox 766 767 824 829; x_wconf 86' lang='lat'><strong>5,</strong></span> <span class='ocrx_word' id='word_1_42' title='bbox 857 769 936 815; x_wconf 92' lang='lat' dir='ltr'><strong>ubi</strong></span> <span class='ocrx_word' id='word_1_43' title='bbox 968 770 1324 817; x_wconf 86' lang='lat' dir='ltr'><strong>Demosthenes</strong></span> <span class='ocrx_word' id='word_1_44' title='bbox 1359 768 1492 831; x_wconf 86' lang='lat' dir='ltr'><strong>dicit,</strong></span> 
     </span>
     <span class='ocr_line' id='line_1_8' title="bbox 116 853 1491 916; baseline -0.001 -13"><span class='ocrx_word' id='word_1_45' title='bbox 116 862 422 916; x_wconf 81' lang='lat' dir='ltr'><strong>apparatuum</strong></span> <span class='ocrx_word' id='word_1_46' title='bbox 462 856 524 902; x_wconf 89' lang='lat' dir='ltr'><strong>ad</strong></span> <span class='ocrx_word' id='word_1_47' title='bbox 563 857 709 903; x_wconf 88' lang='lat' dir='ltr'><strong>ferias</strong></span> <span class='ocrx_word' id='word_1_48' title='bbox 748 858 1079 903; x_wconf 87' lang='lat' dir='ltr'><strong>necessarium</strong></span> <span class='ocrx_word' id='word_1_49' title='bbox 1109 881 1173 889; x_wconf 93' lang='lat'><strong>--</strong></span> <span class='ocrx_word' id='word_1_50' title='bbox 1198 855 1301 915; x_wconf 91' lang='lat' dir='ltr'><strong>jam</strong></span> <span class='ocrx_word' id='word_1_51' title='bbox 1332 853 1491 902; x_wconf 87' lang='lat' dir='ltr'><strong>unde-</strong></span> 
     </span>
     <span class='ocr_line' id='line_1_9' title="bbox 115 934 1495 1006; baseline -0.001 -16"><span class='ocrx_word' id='word_1_52' title='bbox 115 944 240 990; x_wconf 89' lang='lat' dir='ltr'><strong>cima</strong></span> <span class='ocrx_word' id='word_1_53' title='bbox 272 943 349 991; x_wconf 87' lang='lat' dir='ltr'><strong>die</strong></span> <span class='ocrx_word' id='word_1_54' title='bbox 375 967 438 976; x_wconf 86' lang='lat'><strong>--</strong></span> <span class='ocrx_word' id='word_1_55' title='bbox 459 945 574 991; x_wconf 90' lang='lat' dir='ltr'><strong>nihil</strong></span> <span class='ocrx_word' id='word_1_56' title='bbox 606 945 760 992; x_wconf 84' lang='lat' dir='ltr'><strong>fuisse</strong></span> <span class='ocrx_word' id='word_1_57' title='bbox 793 937 1084 1002; x_wconf 72' lang='grc' dir='ltr'><em>ὑπολοίπον,</em></span> <span class='ocrx_word' id='word_1_58' title='bbox 1117 934 1224 991; x_wconf 70' lang='grc' dir='ltr'><strong>οὔδ’</strong></span> <span class='ocrx_word' id='word_1_59' title='bbox 1256 934 1495 1006; x_wconf 78' lang='grc' dir='ltr'><em>οἷδιοίκη-</em></span> 
     </span>
     <span class='ocr_line' id='line_1_10' title="bbox 114 1023 1489 1092; baseline -0.001 -16"><span class='ocrx_word' id='word_1_60' title='bbox 114 1045 194 1077; x_wconf 90' lang='grc' dir='ltr'><strong>τον</strong></span> <span class='ocrx_word' id='word_1_61' title='bbox 214 1023 371 1078; x_wconf 69' lang='grc' dir='ltr'><em>οὐδέν.</em></span> <span class='ocrx_word' id='word_1_62' title='bbox 422 1034 595 1092; x_wconf 85' lang='lat' dir='ltr'><strong>Neque</strong></span> <span class='ocrx_word' id='word_1_63' title='bbox 613 1038 772 1079; x_wconf 88' lang='lat' dir='ltr'><strong>tamen</strong></span> <span class='ocrx_word' id='word_1_64' title='bbox 792 1046 965 1079; x_wconf 90' lang='lat' dir='ltr'><strong>vocem</strong></span> <span class='ocrx_word' id='word_1_65' title='bbox 986 1031 1271 1092; x_wconf 78' lang='grc' dir='ltr'><em>κατεπεῖγον</em></span> <span class='ocrx_word' id='word_1_66' title='bbox 1292 1030 1489 1090; x_wconf 81' lang='lat' dir='ltr'><strong>urg&#39;eas,</strong></span> 
     </span>
     <span class='ocr_line' id='line_1_11' title="bbox 117 1114 1492 1179; baseline 0.001 -16"><span class='ocrx_word' id='word_1_67' title='bbox 117 1116 243 1179; x_wconf 90' lang='lat' dir='ltr'><strong>quod</strong></span> <span class='ocrx_word' id='word_1_68' title='bbox 286 1119 537 1167; x_wconf 89' lang='lat' dir='ltr'><strong>Corsinius</strong></span> <span class='ocrx_word' id='word_1_69' title='bbox 580 1118 695 1166; x_wconf 89' lang='lat' dir='ltr'><strong>fecit</strong></span> <span class='ocrx_word' id='word_1_70' title='bbox 735 1121 872 1167; x_wconf 80' lang='lat' dir='ltr'><strong>Fast.</strong></span> <span class='ocrx_word' id='word_1_71' title='bbox 910 1120 1098 1166; x_wconf 85' lang='lat' dir='ltr'><strong>Hellen.</strong></span> <span class='ocrx_word' id='word_1_72' title='bbox 1142 1119 1205 1164; x_wconf 90' lang='grc' dir='ltr'><strong>ΙΙ.</strong></span> <span class='ocrx_word' id='word_1_73' title='bbox 1237 1133 1350 1179; x_wconf 85' lang='lat' dir='ltr'><strong>pag.</strong></span> <span class='ocrx_word' id='word_1_74' title='bbox 1382 1114 1492 1164; x_wconf 80' lang='lat'><strong>358.</strong></span> 
     </span>
     <span class='ocr_line' id='line_1_12' title="bbox 115 1204 1492 1252; baseline 0.001 -4"><span class='ocrx_word' id='word_1_75' title='bbox 115 1205 221 1250; x_wconf 87' lang='lat' dir='ltr'><strong>idco</strong></span> <span class='ocrx_word' id='word_1_76' title='bbox 263 1204 485 1251; x_wconf 87' lang='lat' dir='ltr'><strong>feriarum</strong></span> <span class='ocrx_word' id='word_1_77' title='bbox 518 1220 681 1250; x_wconf 90' lang='lat' dir='ltr'><strong>eorum</strong></span> <span class='ocrx_word' id='word_1_78' title='bbox 713 1207 1076 1252; x_wconf 85' lang='lat' dir='ltr'><strong>celebrationem</strong></span> <span class='ocrx_word' id='word_1_79' title='bbox 1114 1207 1163 1251; x_wconf 93' lang='lat' dir='ltr'><strong>in</strong></span> <span class='ocrx_word' id='word_1_80' title='bbox 1196 1206 1332 1251; x_wconf 45' lang='lat' dir='ltr'><strong>diem*</strong></span> <span class='ocrx_word' id='word_1_81' title='bbox 1354 1204 1492 1250; x_wconf 85' lang='lat' dir='ltr'><strong>XIV.</strong></span> 
     </span>
     <span class='ocr_line' id='line_1_13' title="bbox 113 1292 1492 1355; baseline -0.001 -15"><span class='ocrx_word' id='word_1_82' title='bbox 113 1292 442 1355; x_wconf 83' lang='lat' dir='ltr'><strong>imponendam</strong></span> <span class='ocrx_word' id='word_1_83' title='bbox 483 1309 597 1349; x_wconf 87' lang='lat' dir='ltr'><strong>esse</strong></span> <span class='ocrx_word' id='word_1_84' title='bbox 640 1308 862 1341; x_wconf 85' lang='lat' dir='ltr'><strong>censens.</strong></span> <span class='ocrx_word' id='word_1_85' title='bbox 934 1295 1108 1353; x_wconf 88' lang='lat' dir='ltr'><strong>Neque</strong></span> <span class='ocrx_word' id='word_1_86' title='bbox 1148 1295 1275 1340; x_wconf 90' lang='lat' dir='ltr'><strong>enim</strong></span> <span class='ocrx_word' id='word_1_87' title='bbox 1306 1293 1492 1355; x_wconf 87' lang='lat' dir='ltr'><strong>rogatio</strong></span> 
     </span>
     <span class='ocr_line' id='line_1_14' title="bbox 111 1377 1493 1443; baseline -0.001 -17"><span class='ocrx_word' id='word_1_88' title='bbox 111 1380 353 1442; x_wconf 83' lang='lat' dir='ltr'><strong>Epicratis</strong></span> <span class='ocrx_word' id='word_1_89' title='bbox 386 1382 602 1442; x_wconf 86' lang='lat' dir='ltr'><strong>infertur,</strong></span> <span class='ocrx_word' id='word_1_90' title='bbox 643 1387 694 1426; x_wconf 91' lang='lat' dir='ltr'><strong>ut</strong></span> <span class='ocrx_word' id='word_1_91' title='bbox 725 1382 833 1440; x_wconf 88' lang='lat' dir='ltr'><strong>ipse</strong></span> <span class='ocrx_word' id='word_1_92' title='bbox 866 1381 933 1425; x_wconf 91' lang='lat' dir='ltr'><strong>ait</strong></span> <span class='ocrx_word' id='word_1_93' title='bbox 970 1382 1350 1443; x_wconf 75' lang='lat' dir='ltr'><strong>Demosthenes,</strong></span> <span class='ocrx_word' id='word_1_94' title='bbox 1394 1377 1493 1426; x_wconf 90' lang='lat' dir='ltr'><strong>nisi</strong></span> 
     </span>
     <span class='ocr_line' id='line_1_15' title="bbox 115 1456 1492 1529; baseline 0 -16"><span class='ocrx_word' id='word_1_95' title='bbox 115 1462 205 1514; x_wconf 75' lang='grc' dir='ltr'><strong>ἐπὶ</strong></span> <span class='ocrx_word' id='word_1_96' title='bbox 244 1466 303 1529; x_wconf 76' lang='grc' dir='ltr'><strong>τῇ</strong></span> <span class='ocrx_word' id='word_1_97' title='bbox 347 1466 439 1512; x_wconf 82' lang='grc' dir='ltr'><strong>τῶν</strong></span> <span class='ocrx_word' id='word_1_98' title='bbox 470 1461 831 1526; x_wconf 76' lang='grc' dir='ltr'><em>Παναθηναίων</em></span> <span class='ocrx_word' id='word_1_99' title='bbox 863 1456 1133 1528; x_wconf 79' lang='grc' dir='ltr'><em>προφάσει.</em></span> <span class='ocrx_word' id='word_1_100' title='bbox 1204 1467 1315 1527; x_wconf 78' lang='lat' dir='ltr'><strong>Nec</strong></span> <span class='ocrx_word' id='word_1_101' title='bbox 1345 1466 1492 1513; x_wconf 84' lang='lat' dir='ltr'><strong>ullam</strong></span> 
     </span>
     <span class='ocr_line' id='line_1_16' title="bbox 114 1532 1492 1613; baseline 0 -15"><span class='ocrx_word' id='word_1_102' title='bbox 114 1564 305 1613; x_wconf 90' lang='lat' dir='ltr'><strong>quoque</strong></span> <span class='ocrx_word' id='word_1_103' title='bbox 326 1564 444 1610; x_wconf 88' lang='lat' dir='ltr'><strong>rem,</strong></span> <span class='ocrx_word' id='word_1_104' title='bbox 463 1532 618 1610; x_wconf 72' lang='lat' dir='ltr'><strong>¹quam</strong></span> <span class='ocrx_word' id='word_1_105' title='bbox 638 1552 994 1612; x_wconf 77' lang='lat' dir='ltr'><strong>Panathenaea,</strong></span> <span class='ocrx_word' id='word_1_106' title='bbox 1019 1549 1316 1598; x_wconf 81' lang='lat' dir='ltr'><strong>commodius</strong></span> <span class='ocrx_word' id='word_1_107' title='bbox 1346 1564 1492 1612; x_wconf 87' lang='lat' dir='ltr'><strong>prae-</strong></span> 
     </span>
     <span class='ocr_line' id='line_1_17' title="bbox 114 1638 1491 1699; baseline -0.001 -13"><span class='ocrx_word' id='word_1_108' title='bbox 114 1645 282 1686; x_wconf 85' lang='lat' dir='ltr'><strong>texere</strong></span> <span class='ocrx_word' id='word_1_109' title='bbox 314 1638 482 1698; x_wconf 88' lang='lat' dir='ltr'><strong>potuit,</strong></span> <span class='ocrx_word' id='word_1_110' title='bbox 516 1652 716 1697; x_wconf 90' lang='lat' dir='ltr'><strong>quorum</strong></span> <span class='ocrx_word' id='word_1_111' title='bbox 748 1652 993 1685; x_wconf 89' lang='lat' dir='ltr'><strong>sacrorum</strong></span> <span class='ocrx_word' id='word_1_112' title='bbox 1025 1654 1087 1684; x_wconf 90' lang='lat' dir='ltr'><strong>ne</strong></span> <span class='ocrx_word' id='word_1_113' title='bbox 1121 1642 1202 1698; x_wconf 92' lang='lat' dir='ltr'><strong>qui</strong></span> <span class='ocrx_word' id='word_1_114' title='bbox 1235 1645 1491 1699; x_wconf 86' lang='lat' dir='ltr'><strong>apparatus</strong></span> 
     </span>
     <span class='ocr_line' id='line_1_18' title="bbox 111 1724 1490 1784; baseline 0 -12"><span class='ocrx_word' id='word_1_115' title='bbox 111 1724 354 1784; x_wconf 77' lang='lat' dir='ltr'><strong>deessent,</strong></span> <span class='ocrx_word' id='word_1_116' title='bbox 386 1731 614 1770; x_wconf 89' lang='lat' dir='ltr'><strong>verentes</strong></span> <span class='ocrx_word' id='word_1_117' title='bbox 650 1724 980 1772; x_wconf 89' lang='lat' dir='ltr'><strong>Athenienses</strong></span> <span class='ocrx_word' id='word_1_118' title='bbox 1021 1726 1161 1772; x_wconf 88' lang='lat' dir='ltr'><strong>facile</strong></span> <span class='ocrx_word' id='word_1_119' title='bbox 1200 1724 1374 1771; x_wconf 81' lang='lat' dir='ltr'><strong>adduci</strong></span> <span class='ocrx_word' id='word_1_120' title='bbox 1405 1740 1490 1772; x_wconf 91' lang='lat' dir='ltr'><strong>re-</strong></span> 
     </span>
     <span class='ocr_line' id='line_1_19' title="bbox 111 1812 1488 1873; baseline 0.001 -17"><span class='ocrx_word' id='word_1_121' title='bbox 111 1812 288 1873; x_wconf 84' lang='lat' dir='ltr'><strong>ligione</strong></span> <span class='ocrx_word' id='word_1_122' title='bbox 310 1812 562 1871; x_wconf 87' lang='lat' dir='ltr'><strong>potuerint,</strong></span> <span class='ocrx_word' id='word_1_123' title='bbox 597 1818 649 1856; x_wconf 93' lang='lat' dir='ltr'><strong>ut</strong></span> <span class='ocrx_word' id='word_1_124' title='bbox 667 1813 828 1858; x_wconf 86' lang='lat' dir='ltr'><strong>statim</strong></span> <span class='ocrx_word' id='word_1_125' title='bbox 860 1814 1085 1872; x_wconf 88' lang='lat' dir='ltr'><strong>sequenti</strong></span> <span class='ocrx_word' id='word_1_126' title='bbox 1106 1813 1385 1858; x_wconf 91' lang='lat' dir='ltr'><strong>duodecimo</strong></span> <span class='ocrx_word' id='word_1_127' title='bbox 1409 1812 1488 1858; x_wconf 88' lang='lat' dir='ltr'><strong>die</strong></span> 
     </span>
     <span class='ocr_line' id='line_1_20' title="bbox 111 1896 1490 1960; baseline 0 -14"><span class='ocrx_word' id='word_1_128' title='bbox 111 1897 340 1946; x_wconf 88' lang='lat' dir='ltr'><strong>constitui</strong></span> <span class='ocrx_word' id='word_1_129' title='bbox 370 1898 673 1944; x_wconf 89' lang='lat' dir='ltr'><strong>nomothetas</strong></span> <span class='ocrx_word' id='word_1_130' title='bbox 699 1896 935 1957; x_wconf 87' lang='lat' dir='ltr'><strong>juberent.</strong></span> <span class='ocrx_word' id='word_1_131' title='bbox 1000 1900 1138 1946; x_wconf 91' lang='lat' dir='ltr'><strong>Nihil</strong></span> <span class='ocrx_word' id='word_1_132' title='bbox 1170 1899 1311 1946; x_wconf 90' lang='lat' dir='ltr'><strong>vides</strong></span> <span class='ocrx_word' id='word_1_133' title='bbox 1344 1899 1490 1960; x_wconf 82' lang='lat' dir='ltr'><strong>igitur</strong></span> 
     </span>
     <span class='ocr_line' id='line_1_21' title="bbox 108 1985 1488 2047; baseline -0.001 -16"><span class='ocrx_word' id='word_1_134' title='bbox 108 1986 445 2046; x_wconf 83' lang='lat' dir='ltr'><strong>impedimento</strong></span> <span class='ocrx_word' id='word_1_135' title='bbox 488 1998 628 2044; x_wconf 85' lang='lat' dir='ltr'><strong>esse,</strong></span> <span class='ocrx_word' id='word_1_136' title='bbox 672 1997 763 2043; x_wconf 92' lang='lat' dir='ltr'><strong>quo</strong></span> <span class='ocrx_word' id='word_1_137' title='bbox 812 1985 971 2042; x_wconf 88' lang='lat' dir='ltr'><strong>minus</strong></span> <span class='ocrx_word' id='word_1_138' title='bbox 1024 1986 1400 2047; x_wconf 80' lang='lat' dir='ltr'><strong>Panathenaea,</strong></span> <span class='ocrx_word' id='word_1_139' title='bbox 1441 1986 1488 2032; x_wconf 86' lang='lat' dir='ltr'><strong>si</strong></span> 
     </span>
     <span class='ocr_line' id='line_1_22' title="bbox 109 2055 1488 2133; baseline -0.001 -15"><span class='ocrx_word' id='word_1_140' title='bbox 109 2072 234 2118; x_wconf 89' lang='lat' dir='ltr'><strong>aliae</strong></span> <span class='ocrx_word' id='word_1_141' title='bbox 279 2071 524 2131; x_wconf 86' lang='lat' dir='ltr'><strong>impellant</strong></span> <span class='ocrx_word' id='word_1_142' title='bbox 574 2084 780 2131; x_wconf 87' lang='lat' dir='ltr'><strong>causae,</strong></span> <span class='ocrx_word' id='word_1_143' title='bbox 836 2055 884 2117; x_wconf 85' lang='lat' dir='ltr'><strong>in</strong></span> <span class='ocrx_word' id='word_1_144' title='bbox 906 2106 913 2111; x_wconf 86' lang='lat'><strong>.</strong></span> <span class='ocrx_word' id='word_1_145' title='bbox 934 2075 1193 2133; x_wconf 80' lang='lat' dir='ltr'><strong>quemlibet</strong></span> <span class='ocrx_word' id='word_1_146' title='bbox 1241 2079 1488 2133; x_wconf 85' lang='lat' dir='ltr'><strong>posterum</strong></span> 
     </span>
     <span class='ocr_line' id='line_1_23' title="bbox 109 2155 1199 2217; baseline 0.002 -13"><span class='ocrx_word' id='word_1_147' title='bbox 109 2157 293 2204; x_wconf 88' lang='lat' dir='ltr'><strong>mensis</strong></span> <span class='ocrx_word' id='word_1_148' title='bbox 326 2155 450 2202; x_wconf 89' lang='lat' dir='ltr'><strong>diem</strong></span> <span class='ocrx_word' id='word_1_149' title='bbox 492 2157 700 2203; x_wconf 89' lang='lat' dir='ltr'><strong>incidere</strong></span> <span class='ocrx_word' id='word_1_150' title='bbox 731 2172 878 2217; x_wconf 89' lang='lat' dir='ltr'><strong>posse</strong></span> <span class='ocrx_word' id='word_1_151' title='bbox 912 2166 1199 2206; x_wconf 86' lang='lat' dir='ltr'><strong>statuamus.</strong></span> 
     </span>
    </p>

    <p class='ocr_par' dir='ltr' id='par_1_3' title="bbox 109 2245 1487 2570">
     <span class='ocr_line' id='line_1_24' title="bbox 202 2245 1486 2310; baseline 0.003 -19"><span class='ocrx_word' id='word_1_152' title='bbox 202 2245 276 2291; x_wconf 82' lang='lat' dir='ltr'><strong>Ea</strong></span> <span class='ocrx_word' id='word_1_153' title='bbox 307 2257 444 2303; x_wconf 86' lang='lat' dir='ltr'><strong>vero,</strong></span> <span class='ocrx_word' id='word_1_154' title='bbox 478 2256 600 2302; x_wconf 88' lang='lat' dir='ltr'><strong>quae</strong></span> <span class='ocrx_word' id='word_1_155' title='bbox 633 2245 684 2290; x_wconf 83' lang='lat' dir='ltr'><strong>in</strong></span> <span class='ocrx_word' id='word_1_156' title='bbox 712 2245 1085 2294; x_wconf 87' lang='lat' dir='ltr'><strong>Demosthenico</strong></span> <span class='ocrx_word' id='word_1_157' title='bbox 1118 2249 1221 2294; x_wconf 89' lang='lat' dir='ltr'><strong>loco</strong></span> <span class='ocrx_word' id='word_1_158' title='bbox 1254 2247 1486 2310; x_wconf 84' lang='lat' dir='ltr'><strong>dicantur,</strong></span> 
     </span>
     <span class='ocr_line' id='line_1_25' title="bbox 109 2331 1487 2397; baseline 0.004 -19"><span class='ocrx_word' id='word_1_159' title='bbox 109 2333 446 2380; x_wconf 86' lang='lat' dir='ltr'><strong>Panathenaea</strong></span> <span class='ocrx_word' id='word_1_160' title='bbox 474 2331 670 2391; x_wconf 83' lang='lat' dir='ltr'><strong>minora,</strong></span> <span class='ocrx_word' id='word_1_161' title='bbox 698 2346 793 2378; x_wconf 89' lang='lat' dir='ltr'><strong>non</strong></span> <span class='ocrx_word' id='word_1_162' title='bbox 819 2333 1000 2394; x_wconf 86' lang='lat' dir='ltr'><strong>majora</strong></span> <span class='ocrx_word' id='word_1_163' title='bbox 1018 2336 1188 2395; x_wconf 83' lang='lat' dir='ltr'><strong>fuisse,</strong></span> <span class='ocrx_word' id='word_1_164' title='bbox 1211 2335 1320 2382; x_wconf 88' lang='lat' dir='ltr'><strong>inde</strong></span> <span class='ocrx_word' id='word_1_165' title='bbox 1338 2342 1487 2397; x_wconf 85' lang='lat' dir='ltr'><strong>patet,</strong></span> 
     </span>
     <span class='ocr_line' id='line_1_26' title="bbox 111 2418 1485 2482; baseline 0.001 -17"><span class='ocrx_word' id='word_1_166' title='bbox 111 2418 237 2479; x_wconf 88' lang='lat' dir='ltr'><strong>quod</strong></span> <span class='ocrx_word' id='word_1_167' title='bbox 277 2420 550 2480; x_wconf 90' lang='lat' dir='ltr'><strong>Dionysius</strong></span> <span class='ocrx_word' id='word_1_168' title='bbox 582 2419 738 2465; x_wconf 90' lang='lat' dir='ltr'><strong>Halic.</strong></span> <span class='ocrx_word' id='word_1_169' title='bbox 771 2420 817 2465; x_wconf 90' lang='lat' dir='ltr'><strong>in</strong></span> <span class='ocrx_word' id='word_1_170' title='bbox 856 2422 1072 2481; x_wconf 85' lang='lat' dir='ltr'><strong>Epistola</strong></span> <span class='ocrx_word' id='word_1_171' title='bbox 1104 2422 1165 2469; x_wconf 91' lang='lat' dir='ltr'><strong>ad</strong></span> <span class='ocrx_word' id='word_1_172' title='bbox 1200 2423 1485 2482; x_wconf 87' lang='lat' dir='ltr'><strong>Ammalum,</strong></span> 
     </span>
     <span class='ocr_line' id='line_1_27' title="bbox 111 2504 1487 2570; baseline 0.004 -20"><span class='ocrx_word' id='word_1_173' title='bbox 111 2519 223 2568; x_wconf 85' lang='lat' dir='ltr'><strong>pag.</strong></span> <span class='ocrx_word' id='word_1_174' title='bbox 252 2504 344 2551; x_wconf 75' lang='lat'><strong>725</strong></span> <span class='ocrx_word' id='word_1_175' title='bbox 387 2505 532 2566; x_wconf 78' lang='lat'><strong>(121,</strong></span> <span class='ocrx_word' id='word_1_176' title='bbox 592 2505 639 2553; x_wconf 78' lang='lat'><strong>7.</strong></span> <span class='ocrx_word' id='word_1_177' title='bbox 686 2506 871 2570; x_wconf 63' lang='lat' dir='ltr'><strong>Sym),</strong></span> <span class='ocrx_word' id='word_1_178' title='bbox 920 2511 1180 2559; x_wconf 85' lang='lat' dir='ltr'><strong>orationem</strong></span> <span class='ocrx_word' id='word_1_179' title='bbox 1222 2510 1367 2560; x_wconf 69' lang='lat' dir='ltr'><strong>tradit</strong></span> <span class='ocrx_word' id='word_1_180' title='bbox 1398 2504 1487 2557; x_wconf 79' lang='grc' dir='ltr'><strong>ἐπὶ</strong></span> 
     </span>
    </p>
   </div>
  </div>
 </body>
</html>
