1617 3035
768 211 842 264 14

124 343 273 402 cultu,
315 353 406 400 qua
445 353 498 384 re
533 348 650 395 spes
692 333 1019 380 continebatur
1057 332 1158 378 fore
1188 338 1241 380 ut
1270 328 1493 380 hiemalis

123 435 288 474 natura
319 423 530 470 tristibus
564 422 668 468 suis
699 420 905 467 vinculis
937 419 1200 465 solveretur
1231 417 1374 480 inque
1404 433 1494 466 ver

123 525 297 559 novum
314 508 653 555 effloresceret.
673 507 864 555 Vernis
879 504 1204 552 Antestheriis
1222 519 1354 566 vero,
1370 519 1495 566 quae

123 598 180 645 ob
219 597 538 657 Proserpinae
569 618 633 629 —-
662 594 876 642 florentis
907 599 1106 639 naturae
1137 615 1201 629 ·--
1231 592 1290 643 ab
1321 592 1493 639 Inferis

124 685 313 731 felicem
365 683 569 730 reditum
620 682 942 743 celebrantur,
996 695 1122 727 unus
1173 687 1332 728 tamen
1384 678 1491 729 dies

126 766 286 827 (χοαὶ)
319 768 715 814 lucubrationibus
739 766 1002 826 Inferisque
1026 766 1214 814 dicatus
1233 773 1325 828 est,
1353 765 1491 827 quasi

123 856 338 902 homines
381 855 696 901 calamitatem
737 867 876 913 quam
917 854 1091 899 hiemis
1134 861 1345 911 tempore
1376 867 1491 911 per-

123 940 334 1002 tulerint,
380 940 476 987 sint
516 939 723 987 nondum
766 938 922 1000 obliti,
964 937 1282 1000 admonitique
1324 937 1493 985 incon-

126 1028 296 1074 stantis
320 1027 625 1073 humanarum
652 1041 805 1073 rerum
827 1025 972 1074 sortis
995 1010 1201 1086 simplici
1226 1040 1283 1073 se
1305 1024 1494 1073 tradere

126 1121 176 1161 et
207 1114 442 1160 cumulato
474 1114 649 1174 gaudio
690 1119 981 1160 vererentur.

214 1199 355 1244 Haud
375 1201 509 1245 aliter
539 1199 753 1258 Kallyn
764 1201 914 1245 teria
941 1200 1093 1245 laetus
1113 1198 1218 1246 dies
1239 1199 1396 1246 festus
1413 1205 1493 1246 est
1510 1216 1538 1243 ι

122 1290 309 1343 propter
328 1285 528 1329 aestatis
546 1284 766 1344 reditum,
789 1298 879 1343 quo
904 1286 1103 1346 Aglauri
1126 1286 1201 1343 (h.
1228 1301 1271 1331 e.
1302 1286 1490 1331 Miner-

95 1378 99 1381 ·
121 1383 230 1427 vae,
249 1369 402 1428 quoad
427 1369 625 1414 aestatis
642 1359 827 1428 tempus
847 1371 1198 1429 repraesentat)
1223 1378 1381 1417 statua
1407 1385 1490 1416 or·-

122 1456 321 1502 nabatur
339 1469 367 1500 a
390 1454 714 1502 sacerdotibus
736 1455 1076 1516 splendidaque
1094 1457 1389 1503 reddebatur.
1416 1455 1490 1517 ¹⁰)

216 1543 457 1600 Plynteria
502 1549 659 1586 autem
706 1544 920 1601 lugubris
968 1543 1075 1587 dies
1123 1549 1224 1604 est,
1274 1549 1323 1588 et
1369 1545 1489 1589 inter

122 1627 329 1673 maxime
371 1634 499 1673 atros
549 1627 653 1673 dies
699 1635 1003 1687 recensetur,
1050 1644 1138 1687 per
1170 1644 1308 1688 quem
1349 1644 1488 1676 nemo

120 1713 324 1759 Athenis
357 1714 579 1759 severius
611 1714 858 1773 suscipere
888 1714 1127 1774 negotium
1159 1715 1374 1762 audebat.
1425 1715 1490 1762 Et

121 1797 355 1860 quondam
399 1813 538 1859 quum
581 1800 860 1846 Alcibiades
907 1800 966 1846 de
1000 1802 1143 1847 exilio
1175 1803 1264 1849 hoc
1296 1802 1373 1849 die
1403 1818 1486 1850 re-

120 1886 292 1932 ductus
335 1892 487 1948 esset,
521 1886 647 1930 omni
680 1886 727 1931 id
760 1886 942 1931 civitati
974 1888 1084 1932 mali
1125 1889 1296 1936 ominis
1326 1890 1487 1937 visum

119 1977 210 2018 est.
249 1971 322 2031 ¹¹)
384 1973 449 2019 Ut
470 1973 660 2031 penitus
687 1977 843 2017 tamen
865 1971 1005 2031 hujus
1026 1973 1353 2023 sollemnitatis
1376 1977 1485 2038 sig-

118 2058 328 2104 nificatio
371 2059 679 2119 intelligatur,
721 2058 907 2106 fabulae
939 2057 999 2105 de
1030 2061 1240 2120 Agraulo
1272 2063 1487 2124 traditae,

117 2141 180 2191 ad
223 2157 364 2205 quam
397 2150 446 2190 et
476 2145 628 2205 ipsam
661 2146 867 2193 maxime
899 2147 1158 2209 pertineat,
1191 2149 1487 2211 explicentur

116 2245 328 2277 necesse
360 2238 451 2276 est.
483 2254 545 2263 —-

207 2317 452 2379 Agraulos
494 2315 566 2377 ¹²)
600 2318 708 2365 sive
740 2320 979 2383 Aglauros
1010 2321 1297 2385 Minervam,
1330 2337 1484 2386 quan-

117 2410 214 2447 tum
241 2411 437 2450 naturae
469 2404 561 2450 dea
592 2413 733 2466 atque
763 2415 974 2456 aestates
994 2411 1188 2470 tempori
1214 2413 1486 2473 praeposita

116 2489 197 2549 sit,
237 2489 308 2548 ¹⁸)
340 2480 685 2553 repraesentat.
740 2496 868 2543 Inter
897 2511 1086 2545 sorores
1117 2498 1484 2547 honoratissima
