1617 3035
105 344 370 433 39uamvis
409 348 601 400 uterque
638 337 763 413 apud
801 337 976 385 Jovem
1017 336 1067 381 in
1099 335 1366 383 clarissima
1396 334 1532 402 coeli,

137 419 348 493 regione
387 426 564 473 habitet
601 430 650 471 et
695 438 782 484 per
822 421 1023 469 aestatis
1064 435 1286 467 serenum
1328 429 1517 484 tempus

151 515 297 562 feriae
336 512 521 573 utrique
553 510 886 558 sanctissimae
920 514 1145 571 agantur,
1185 513 1346 572 tamen
1379 521 1516 559 com-

150 599 310 645 munia
330 610 473 644 sacra
495 620 557 631 ——
583 596 631 642 id
664 595 787 657 quod
819 595 926 642 aliis
958 592 1053 641 diis
1085 600 1182 641 tam
1213 606 1363 654 saepe
1395 595 1519 641 solet

149 685 254 734 fieri
293 708 357 718 -·
397 684 460 729 iis
497 694 728 742 nusquam
769 681 867 727 fere
909 681 1151 743 celebrata
1191 686 1316 734 sunt.
1386 679 1517 726 Nam

149 776 314 818 natura
344 782 528 832 eorum,
571 780 835 829 quanquam
865 770 959 813 non
991 748 1182 830 inimica
1213 765 1333 836 sibi,
1374 765 1517 819 nimis

149 865 305 905 tamen
325 909 332 913 a
354 856 510 901 aliena
562 861 652 918 est·
742 852 959 922 Eandam
1000 852 1195 914 *quidem
1224 838 1517 915 ueritatem,

149 941 349 990 eandam
381 941 710 1003 sanctitatem,
749 937 877 987 idem
900 937 986 1000 jus
1015 937 1392 1001 potestatemque
1422 938 1517 985 ha-

150 1029 277 1091 bent,
309 1027 397 1074 sed
417 1041 501 1088 pro
527 1028 732 1072 maximo
750 1026 829 1072 illo
860 1026 1005 1072 animi
1035 1024 1311 1072 facultatem
1341 1024 1517 1071 discri-

151 1107 277 1161 mine
316 1137 380 1149 —-
421 1114 712 1161 voluntatem
753 1119 893 1173 atque
924 1094 1143 1175 mentem*
1163 1112 1269 1158 dico
1301 1137 1363 1144 —
1396 1112 1517 1158 inter

152 1212 209 1246 se
233 1198 394 1245 ‘divisi
435 1204 559 1245 sunt.
630 1188 769 1257 Quod
799 1181 1143 1259 efiimagimus
1173 1196 1346 1258 Apollo
1377 1195 1517 1258 adju-

151 1291 232 1332 vat
240 1298 257 1349 3
289 1284 412 1345 quod
443 1285 626 1330 scimus
647 1285 957 1347 facimusque,
988 1286 1241 1331 Minervae
1271 1284 1516 1331 debemus.

252 1354 364 1419 Jam
425 1384 541 1418 vero
593 1369 671 1418 his
724 1371 961 1433 expositis
1014 1369 1253 1431 Apollinis
1301 1377 1517 1419 naturam

152 1458 355 1505 maxime
395 1457 681 1518 respondere
722 1457 940 1505 videmus
971 1471 1144 1506 severo
1178 1458 1517 1520 Spartanorum

154 1544 361 1607 ingenio,
394 1544 473 1604 qui
494 1559 571 1590 res
594 1544 826 1591 humanas
859 1545 1013 1591 altiori
1043 1543 1249 1607 quodam
1275 1544 1438 1591 ordine
1471 1552 1519 1591 et

153 1631 333 1677 unitate
379 1630 727 1690 pei-fundendas
781 1632 1079 1697 quietemque
1130 1639 1179 1677 et
1228 1625 1518 1678 harmoniam

153 1729 420 1777 supremam
444 1730 559 1762 esse
582 1717 709 1774 vitae
730 1718 887 1778 legem
907 1718 1253 1764 existimarunt.
1294 1717 1519 1764 Minerva

152 1809 310 1848 autem
354 1800 445 1847 dea
485 1816 602 1848 vere
643 1804 805 1849 Attica
846 1809 934 1850 est.
1010 1800 1151 1861 Quod
1182 1804 1306 1849 enim
1343 1817 1517 1850 numen

153 1889 352 1950 cogitari
394 1895 577 1952 potest,
621 1889 757 1950 cujus
787 1892 1014 1937 universa
1043 1896 1211 1955 natura
1240 1890 1518 1954 indolesque

151 1975 528 2023 Atheniensibus
554 1978 713 2037 magis
743 1978 806 2022 sit
837 1977 1206 2041 accommodata,
1238 1992 1380 2039 quam
1411 1965 1518 2025 Mi·-

152 2069 331 2108 nervae
381 2087 443 2095 —
494 2063 601 2121 sive
654 2077 814 2108 eorum
865 2063 1074 2123 respicis
1123 2062 1414 2111 docilitatem
1468 2065 1535 2111 et‘

152 2145 337 2194 sciendi
377 2146 684 2208 discendique
724 2148 1030 2209 cupiditatem
1073 2149 1181 2195 sive
1211 2151 1382 2214 artium
1414 2165 1520 2197 om-

152 2234 281 2280 nium
308 2234 534 2285 culturam
560 2235 666 2280 sive
693 2234 805 2281 illud
829 2249 923 2281 non
952 2241 1048 2282 tam
1071 2235 1352 2304 popularis
1338 2237 1520 2298 mgenii

152 2294 398 2383 fasinandi,
431 2334 572 2390 quam
599 2321 890 2382 singulorum
917 2322 1192 2383 quorumvis
1224 2336 1280 2369 se
1311 2336 1521 2385 suasque

155 2412 350 2453 cunctas
373 2407 505 2452 vires
528 2407 779 2452 excolendi
798 2408 1018 2454 studium.
1087 2405 1194 2465 Qua
1214 2423 1265 2454 re
1288 2409 1520 2470 quomodo

153 2490 327 2537 factum
358 2493 437 2553 sit,
470 2493 653 2553 concipi
685 2498 857 2555 potest,
889 2502 939 2541 ut
972 2495 1096 2540 inter'
1123 2508 1291 2542 omnes
1322 2495 1442 2542 deos
1463 2494 1520 2540 ab
