1617 3035
746 211 819 268 11

96 341 315 401 claritas,
345 340 504 400 pulcri
546 345 594 386 et
637 339 798 386 sereni
841 336 966 384 coeli
1004 336 1303 398 perpetuitas
1345 343 1476 383 tem·-

96 426 361 488 pestatibus
392 403 639 474 rarissime
671 433 850 473 tantum
882 425 1167 487 perturbata,
1202 422 1349 472 totius
1380 437 1476 470 na-

96 521 230 561 turae
256 516 471 576 aequitas
493 521 540 561 et
561 520 756 560 externa
782 511 973 572 quidem
988 512 1154 571 specie
1177 512 1299 559 solis
1321 510 1476 558 radiis

97 602 267 649 effecta
305 602 474 648 inertia
516 606 565 656 et
592 598 830 660 ,tanquam
872 598 1080 661 iustitio,
1127 595 1218 645 sed
1257 598 1473 644 internus

94 696 251 737 motus
280 689 607 748 laboriosaque
639 686 895 746 sedulitas,
938 700 1060 747 quae
1104 685 1320 745 ejusdem
1352 684 1473 734 solis

95 778 250 823 calore
271 775 479 822 excitata
505 774 720 821 arborum
749 774 933 822 fructus
965 775 1141 825 excolit
1160 778 1476 835 maturatque,

53 890 57 893 -
93 886 157 900 --
182 877 338 908 nonne
357 862 515 915 omnia
540 861 856 922 pulcherrime
877 861 1165 922 respondent
1197 862 1358 922 quieto
1384 873 1473 923 se-

92 963 331 1009 renoque,
365 954 414 995 at
445 948 623 995 sollerti
656 954 705 994 et
737 954 934 996 actuoso
957 950 1211 996 Minervae
1243 942 1475 1010 ingenio?
1535 973 1538 976 ·

96 1035 238 1094 Quae
279 1049 388 1082 cum
438 1042 605 1083 natura
646 1036 854 1081 affinitas
902 1037 1198 1081 accuratiore
1249 1032 1475 1080 seriarum

95 1122 395 1182 expositione
427 1120 596 1179 clarior
628 1121 771 1166 etiam
805 1120 904 1165 fiet.

187 1209 556 1269 Verumtamen,
597 1221 739 1266 quum
780 1220 842 1252 ex
888 1214 1048 1272 mente
1087 1208 1340 1253 Minervae
1378 1219 1473 1253 na-

94 1299 246 1341 turam
278 1294 512 1354 profluere
542 1293 830 1354 viderimus,
872 1295 1014 1339 etiam
1055 1295 1299 1354 ingenium
1330 1295 1381 1341 in
1412 1309 1478 1342 ea

94 1387 321 1441 perpetuo
340 1379 668 1425 Athenienses
701 1386 956 1427 senserunt
989 1379 1134 1426 altius
1151 1380 1354 1427 naturali
1387 1379 1474 1427 illa

94 1464 445 1528 significatione
489 1466 806 1524 superiusque
857 1480 1001 1526 esse,
1053 1466 1178 1513 hanc
1219 1482 1337 1514 vero
1377 1468 1476 1515 nisi

92 1552 246 1602 solam
288 1532 620 1599 accessionem
653 1549 888 1612 quandam
921 1566 1018 1597 non
1052 1567 1295 1612 apparere.
1358 1553 1477 1602 Inde-

91 1639 268 1684 sactum
295 1644 388 1698 est,
420 1644 473 1683 ut
496 1637 760 1687 naturalem
786 1645 970 1698 partem
999 1654 1028 1685 a
1060 1640 1151 1686 dea
1184 1643 1290 1700 ipsa
1313 1643 1475 1690 resol-

90 1731 260 1772 verent
285 1726 669 1784 imponerentque
682 1726 832 1772 tribus
859 1726 1100 1791 nymphis,
1121 1728 1355 1787 Cecropis
1376 1743 1471 1788 po-

89 1809 266 1870 pularis
282 1809 445 1854 herois
462 1808 664 1871 filiabus,
683 1809 912 1872 Aglauro,
933 1809 1183 1858 Pandroso
1201 1819 1249 1859 et
1264 1814 1471 1876 Hei-sae,

90 1910 213 1955 quae
243 1896 365 1943 deae
396 1896 598 1952 comites
639 1910 755 1942 esse
796 1897 1102 1957 fingerentur.
1178 1900 1333 1958 Quam
1375 1902 1471 1949 hae

91 1983 254 2029 intime
277 1988 438 2028 tamen
458 1992 567 2028 cum
600 1983 680 2030 illa
705 1982 803 2029 sint
822 1981 1103 2043 conjunctae
1138 1984 1336 2048 ejusque
1357 1994 1470 2038 tan-

90 2083 231 2129 quam
279 2069 590 2129 appendicem
630 2072 780 2118 solam
811 2071 1008 2120 efficere
1049 2074 1328 2135 videantur,
1376 2075 1471 2135 jam

90 2152 200 2201 inde
215 2156 328 2201 licet
344 2155 595 2218 conjicere,
614 2156 737 2217 quod
755 2159 1016 2204 nonnulla
1004 2160 1066 2206 iis
1085 2161 1337 2210 sollemnia
1357 2176 1468 2211 cum

90 2241 312 2289 Minerva
330 2245 595 2289 communia
627 2243 929 2305 agitabantur
960 2257 1115 2307 eaque
1149 2264 1255 2308 ipsa
1266 2250 1470 2312 Aorlaun

90 2329 371 2390 cognomine
413 2332 505 2379 coli
547 2320 743 2379 solebat.
776 2330 829 2390 ²)
901 2334 996 2382 His
1038 2335 1187 2382 tribus
1225 2309 1472 2402 nymphis,

90 2414 264 2462 caloris
306 2421 357 2462 et
396 2415 700 2465 fecundantis
747 2420 872 2467 roris
914 2420 1096 2468 deabus
1138 2423 1281 2470 etiam
1321 2425 1474 2475 frater

91 2500 379 2566 adjungitur,
418 2504 721 2555 Erechtheus
752 2508 877 2562 sive
894 2509 1238 2560 Erichthonius
1272 2511 1355 2567 (ab
1388 2504 1471 2577 ἐρι
