1617 3035
763 285 839 343 4⁷

113 406 306 464 decimo
332 415 472 459 sexto
489 409 922 463 Hecatomhaeonis
943 410 1021 461 die
1044 411 1174 463 faeta
1193 419 1321 463 sunt.
1383 414 1486 464 lta-

111 510 212 558 que..
236 497 599 563 Panathenaea,
648 514 773 561 quae
804 508 933 549 certe
966 502 1134 549 eodem
1173 517 1343 553 mense
1373 504 1488 566 agi-

62 653 65 655 ,
110 590 212 635 tata
252 600 369 634 esse
408 586 699 650 viderimuS‚
741 575 1017 648 in‘tempus
1055 602 1085 635 a
1115 597 1254 637 sexto
1296 591 1488 639 decimo

109 672 190 728 die
208 688 366 735 usque
391 673 451 720 ad
480 675 626 720 finem
649 673 830 724 mensis
849 674 1098 724 inciderint
1112 683 1309 736 oportet.
1372 678 1485 748 ρῳ

108 774 162 808 re
204 761 506 823 confirmata,
565 773 687 820 quae
729 763 1028 823 oppertunior
1079 758 1349 823 conjectura
1388 771 1485 827 est,

109 861 254 908 quam
284 847 492 894 minores
524 849 694 896 eodem
725 848 819 910 die,
852 863 949 910 quo
979 848 1183 910 majores
1214 851 1360 899 ferias
1392 866 1482 899 ce-

107 934 312 983 lebratas
345 949 476 983 esse.
536 937 714 996 Neque
745 938 889 998 enim,
924 951 1008 984 cur
1039 938 1088 984 in
1120 938 1249 984 aliud
1288 944 1482 1000 tempus

108 1022 207 1069 sint
236 1021 588 1083 transferenda,
624 1024 823 1084 cogitari
854 1025 948 1070 ullo
979 1024 1121 1069 modo
1151 1030 1328 1083 potest.

201 1106 377 1156 Adhuc
418 1108 478 1155 de
508 1109 710 1158 Himerii
753 1109 957 1169 quodam
987 1111 1093 1156 loco
1124 1122 1281 1169 pauca
1321 1107 1487 1156 disse-

108 1208 294 1255 ramus,
329 1195 411 1254 qui
443 1202 493 1240 et
524 1195 631 1265 ipse
661 1196 1004 1241 Panathenaea
1035 1196 1084 1239 in
1116 1194 1262 1240 alium
1292 1207 1497 1253 prorsus-

106 1296 321 1331 mensem
354 1282 614 1328 constituit.
681 1284 735 1328 In
766 1281 907 1328 tertia
937 1282 1064 1328 enim
1096 1281 1334 1346 oratione,
1366 1297 1490 1343 quae

106 1363 181 1425 εἷς
199 1362 480 1426 Βασίλειον,
508 1362 896 1433 Παναθηναίοις,
923 1359 1197 1433 οἷρχομὲνου
1219 1366 1308 1415 τοῦ
1338 1359 1498 1434 &deog—

107 1458 409 1516 insoribitur‚
460 1457 541 1505 illa
581 1456 697 1504 dicit
736 1471 794 1502 eo
837 1457 947 1502 anni
994 1462 1205 1516 tempore
1247 1458 1498 1505 celebrata:

105 1560 238 1608 esse,
271 1559 366 1606 quo
397 1545 636 1592 lusciniae
658 1545 882 1591 suaviter·
905 1550 1082 1591 canant
1109 1544 1490 1605 hirundinesque

104 1647 313 1681 vernum.
346 1633 559 1682 attollant
602 1645 820 1692 carmen,
866 1631 999 1677 Ilissi
1036 1631 1215 1678 fluenta
1264 1632 1489 1692 opulenta

104 1722 228 1782 sint,
260 1727 310 1767 et
340 1722 490 1765 Terra
520 1719 815 1765 flavescente
848 1719 1040 1765 Cereris
1072 1731 1248 1764 corona
1279 1733 1485 1764 exorne-

17 1827 26 1835 -
103 1813 178 1853 tur
210 1803 300 1863 (cf.
314 1799 365 1865 ἕ
382 1802 431 1864 3,
463 1804 510 1864 4,
541 1803 615 1861 5).
679 1803 826 1849 Unde
846 1803 1098 1861 perspicue
1129 1800 1269 1846 vides
1300 1801 1475 1847 Hime-

103 1894 163 1941 rii
193 1899 403 1951 tempore
436 1889 756 1948 (scribebatur
772 1893 930 1932 autem
952 1887 1103 1931 oratio
1130 1886 1356 1933 illaanno
1374 1887 1475 1934 fere

86 1978 198 2026 *360
228 1995 274 2039 p.
307 1977 423 2024 Chr.
456 1974 533 2035 ⁹⁰)
596 1974 935 2020 Panathenaea
964 1972 1125 2018 Martii
1156 1973 1340 2023 mensis
1373 1974 1469 2019 Ju-

40 2042 46 2058 .-
104 2065 219 2114 liani
258 2065 358 2111 fere
400 2059 594 2108 dimidio
634 2074 750 2116 esse
783 2060 1036 2105 celebrata.
1097 2056 1379 2105 Addubitari
1419 2057 1479 2106 id*

103 2152 424 2201 testimonium
473 2148 599 2195 nullo
647 2145 784 2192 modo
825 2152 1009 2205 potest,
1058 2157 1355 2204 caveasque,
1408 2157 1470 2189 ne

103 2239 302 2285 forsitan
332 2235 543 2284 Himerio
558 2266 573 2297 9
615 2239 667 2279 ut
708 2214 1015 2278 declamatori
1053 2231 1199 2278 fidem
1241 2230 1469 2290 deneges.

102 2326 231 2373 Nam
263 2338 489 2385 magnam
520 2322 648 2368 vitae
679 2325 860 2380 partem
893 2319 1000 2379 ipse
1030 2318 1259 2374 Athenis,
1297 2315 1469 2375 sophi-

104 2420 181 2461 sta
218 2412 435 2473 publicus
477 2416 527 2455 et
555 2406 743 2466 tandem
786 2407 1088 2468 areopagitae
1117 2405 1321 2462 fungens
1359 2416 1471 2448 mu-

103 2517 217 2549 nere
266 2499 411 2558 vixit,
447 2496 548 2559 ⁹¹),
591 2501 640 2543 et
669 2500 850 2542 tantum
892 2494 981 2542 sub
1019 2488 1295 2539 Constantio
1325 2487 1473 2567 (Ἂιιῆυκ

105 2589 261 2639 stiano
289 2588 572 2647 Imperatore
603 2582 652 2630 in
683 2583 905 2643 antiquos
936 2580 1054 2627 deos
1085 2576 1296 2627 studium
1327 2582 1473 2637 atque
