1617 3035
796 294 871 349 5⁷
961 319 966 325 ⁸

237 416 304 463 At
323 415 520 477 scripsit
542 416 735 478 antiquo
763 424 973 480 tempore
988 416 1325 473 Dicaearchus
1344 415 1405 462 de
1420 414 1521 468 Pa·-

143 503 441 566 nathenaeiS,
472 513 614 565 quum
634 504 760 565 apud
777 505 943 552 Schol.
964 504 1211 566 Aristoph.
1228 504 1388 565 Vesp.
1409 498 1523 584 Q

145 588 251 649 ejus
280 586 672 654 Παναθηναϊκοὶ
685 590 931 652 afferatur,
973 604 1114 651 quem
1144 591 1367 639 Naekius
1403 600 1519 650 pro-

142 676 275 725 bavit
292 679 456 726 solam
469 684 665 738 partem
684 688 798 725 esse
828 675 1023 748 majoris
1057 676 1117 724 ab
1150 677 1318 724 eodem
1335 676 1520 723 Dicae·
1559 706 1561 708 v

144 764 289 810 archo
311 764 480 823 scripti
504 764 684 824 operis,
708 764 788 810 cui
805 765 970 811 titulus
994 768 1097 810 est:
1126 756 1253 817 Βίος
1263 754 1522 820 Ἕλλαὸοςς

144 852 226 909 qui
250 863 393 910 quum
416 848 644 908 majorem
662 849 889 899 ambitum
913 848 1125 913 haberet,
1157 855 1301 911 atque
1333 862 1523 897 omnem

146 933 366 984 Graecae
409 936 538 984 vitae
577 950 756 984 morem
797 935 1279 997 consuetudinemque
1318 933 1523 997 ideoque

144 1024 290 1069 etiam
322 1025 502 1084 omnia,
545 1039 667 1085 quae
685 1024 796 1090 *ad,
806 1038 911 1071 rem
939 1021 1221 1071 theatralem
1250 1023 1525 1083 pertineant

144 1114 287 1170 atque
308 1110 644 1173 agonisticam,
667 1111 947 1173 contineret,
979 1107 1205 1171 pleraque
1225 1105 1525 1171 didascalici,

144 1196 335 1257 musici,
367 1197 627 1257 agonistici
657 1176 924 1257 argumenti
945 1196 1214 1257 fragmenta
1234 1194 1526 1241 Dicaearchi

143 1283 334 1329 nomine
365 1284 515 1329 citata
538 1282 599 1330 ad
631 1282 944 1331 illam-Vitam
962 1283 1217 1344 pertinere,
1249 1282 1525 1343 singulares

144 1375 303 1416 autem
336 1370 419 1430 qui
448 1370 754 1416 inveniantur
784 1370 946 1433 titulos
982 1360 1296 1428 Ολυμπικὸς,
1338 1368 1521 1415 Πανα-

142 1448 379 1519 θηναϊκὸς
416 1456 657 1516 amplioris
689 1457 851 1518 operis
892 1458 1001 1521 sola
1036 1455 1248 1504 membra
1284 1469 1401 1503 esse
1432 1470 1524 1503 seu

142 1543 420 1605 particulas,
494 1540 812 1601 Quamobrem
854 1543 903 1590 in
933 1543 1104 1591 titulis:
1147 1539 1522 1605 Παναθηναϊκοὶ

143 1637 238 1678 etc.
260 1645 354 1677 non
373 1618 535 1692 λόγος,
564 1636 626 1677 ut
620 1623 751 1697 sign
766 1630 997 1692 solebant,
1018 1630 1108 1677 sed
1128 1621 1268 1693 ὀἷγών
1285 1632 1541 1692 supplen-·

142 1717 257 1765 dum
287 1725 382 1778 est,
413 1732 556 1779 quum
584 1703 674 1775 ¹¹3
671 1717 789 1766 eum
819 1718 1027 1767 fortasse
1065 1718 1213 1765 totius
1251 1718 1413 1777 operis
1453 1718 1518 1764 li-

141 1804 302 1863 brum,
333 1805 414 1864 qui
444 1801 565 1866 περὶ
596 1794 793 1864 οἷγώνων
833 1809 1021 1864 ageret,
1071 1801 1169 1860 ¹¹²)
1208 1803 1514 1862 pertinerent.

144 1889 221 1937 cf.
251 1890 311 1935 A.
352 1891 606 1936 Buttmann
639 1888 963 1947 Quaestiones
996 1884 1056 1933 de
1087 1887 1386 1935 Dicaearcho
1420 1895 1513 1935 etc.

146 1974 281 2023 1832.
314 1990 428 2035 pag.
446 1975 494 2021 2.
527 1982 575 2024 et
593 1975 967 2033 Zimnmermanni
984 1973 1326 2034 Ephemeridas
1349 1975 1510 2022 Scho-

144 2061 341 2109 lasticas
359 2058 626 2107 Generales
653 2057 790 2106 1834.
818 2062 879 2106 Π.
910 2063 1028 2107 Nro.
1056 2060 1163 2106 138.
1194 2077 1242 2121 p.
1276 2058 1399 2106 1103
1417 2060 1509 2106 -4.

236 2148 378 2195 Alius
409 2147 470 2195 de
496 2146 852 2195 Panathenaeis
874 2147 1077 2209 scriptor
1106 2143 1393 2195 Plutarchus
1418 2153 1510 2209 est,

141 2221 171 2282 a
188 2247 296 2296 :quo
336 2236 442 2297 ipso
473 2234 522 2282 in
553 2234 669 2282 libro
707 2233 767 2281 de
798 2234 993 2281 Musica
1024 2235 1199 2282 citatur
1229 2248 1321 2298 saa
1349 2229 1382 2298 ἦ
1412 2232 1505 2280 τῶν

138 2317 500 2386 Παναθηναίων
527 2313 694 2387 ’γραφή
722 2314 755 2384 ἦ
785 2317 906 2386 περὶ
934 2319 1177 2382 μουσικοῦ
1206 2312 1408 2384 οἷγῶνος.

231 2410 521 2460 Aristotelis,
538 2422 723 2471 quoque
742 2409 934 2476 nomine
953 2414 1238 2457 memoratur
1248 2447 1252 2450 ⁴
1262 2407 1510 2470 scriptum,

139 2497 218 2544 cui
247 2491 454 2550 Πέπλος
478 2511 650 2543 nomen
678 2501 771 2557 est,
804 2496 931 2558 quod
956 2496 1070 2544 huic
1100 2501 1259 2558 tamen
1278 2494 1512 2563 abdicen-

142 2584 253 2633 dum
277 2583 482 2643 videtur,
512 2596 656 2647 quum
673 2595 703 2629 a
722 2582 942 2645 Diogene
959 2581 1152 2633 Laertio
1175 2581 1512 2647 intetAtisto-
