1617 3035
773 225 847 281 56

115 358 219 413 est,
262 350 481 412 quoniam
513 337 660 412 nihil,
705 351 830 412 quod
862 351 913 397 in
954 350 1218 397 minoribus
1260 353 1501 412 ageretur,

113 437 329 486 defuisse
372 437 421 483 in
452 435 708 507 majoribus
742 436 946 501 cogitari
977 443 1154 499 potest.
1233 435 1498 484 Nihilomi-

111 538 206 571 nus
250 523 437 571 minora
468 525 814 573 Panathenaea
854 522 985 573 haud
1022 520 1169 572 nimis
1201 537 1354 585 parva
1387 529 1500 571 sunt

113 612 273 659 animo
305 611 646 673 concipien>da3
693 613 781 661 sed
814 620 863 660 et
895 614 1003 674 ipsa
1043 627 1131 661 suo
1163 610 1418 674 splendore
1447 616 1501 659 et

112 704 343 759 apparatu
363 713 456 745 non
485 704 755 745 caruerunt.
818 699 895 745 Ex
911 701 1241 748 Timocrateae
1269 699 1375 746 loco
1403 697 1499 759 illo,

113 785 310 846 saepius
345 785 510 846 allato,
552 786 679 832 unde
712 801 772 832 ea
802 801 890 846 per
920 786 1046 833 idem
1078 793 1267 847 tempus
1299 800 1358 833 ac
1388 800 1497 832 ma-

105 869 212 932 jora
254 869 510 920 duravisse
542 872 854 933 videbamus,
899 879 949 921 et
979 873 1218 935 Epicratis
1262 872 1498 935 psephis-

111 967 242 1007 mate
283 960 486 1020 'apparet
527 959 589 1006 ad
621 962 803 1007 minora
845 975 1033 1022 quoque
1065 962 1323 1021 apparatus
1370 959 1499 1007 haud

114 1046 319 1109 exiguos
353 1062 466 1095 esse
489 1048 660 1096 factos.
725 1047 921 1095 Diserte
950 1055 1111 1095 autem
1142 1050 1377 1095 minorum
1402 1060 1498 1107 cy-

115 1135 270 1181 clicus
304 1136 479 1181 chorus
523 1141 666 1194 atque
698 1136 1101 1195 Pyrrichistorum
1135 1135 1261 1195 apud
1292 1135 1496 1199 Lysiam

112 1218 279 1268 Απολ.
314 1219 487 1285 δωρον.
521 1223 580 1267 ab
613 1223 714 1268 init.
736 1230 1035 1270 memoratur.
1098 1224 1176 1269 Ac
1208 1223 1323 1269 licet
1350 1237 1494 1281 pom-

111 1323 204 1370 pae
238 1289 383 1369 illi-us,
416 1313 465 1355 et
496 1307 624 1370 pepli
657 1307 880 1355 deductio
912 1315 962 1356 et
979 1309 1287 1366 hecatombae
1319 1309 1494 1356 immo-

111 1394 227 1442 latio
251 1394 479 1454 majorum
512 1395 703 1455 propria
734 1395 895 1452 fuerit,
928 1400 1089 1447 tamen
1122 1397 1382 1442 minoribus
1406 1409 1502 1442 nec

114 1495 287 1543 pompa
319 1482 566 1545 quaedam,
599 1496 832 1541 quamvas
865 1482 1023 1529 minus
1050 1468 1303 1542 splendida
1334 1490 1383 1530 et
1407 1498 1499 1543 pe-

113 1570 232 1632 plus·
247 1567 309 1615 ad
330 1570 554 1616 Piraeum
583 1567 753 1617 ductus
772 1583 871 1617 'nec
897 1570 1186 1618 sacrificium
1209 1569 1374 1634 defuit,
1407 1583 1500 1631 quo

113 1657 219 1704 solo
242 1656 540 1703 sollemnitas
573 1656 633 1703 ad
665 1656 809 1704 finem
829 1657 1027 1718 perduci
1060 1663 1109 1704 et
1140 1663 1364 1718 tanquam
1389 1657 1498 1718 sig-

113 1744 218 1792 nari
249 1743 515 1792 videbatur.

138 1915 234 1974 De
291 1918 701 1991 scriptoribuS,
764 1920 862 1991 qui
915 1918 993 1973 de*
1049 1917 1476 1975 Panathenaeis

296 2019 299 2022 ’
680 2023 965 2093 eyerunt„

207 2169 407 2216 Nullum
439 2167 500 2215 de
514 2169 875 2216 Panathenaeis
896 2168 1083 2229 proprie
1106 2166 1344 2229 scriptum
1375 2183 1498 2230 opus

112 2256 289 2318 restat,
331 2254 384 2303 id
427 2255 551 2316 quod
581 2257 892 2303 vehementer
915 2253 1177 2304 ⁴dolendum
1200 2250 1315 2318 est,
1354 2270 1496 2317 quum

114 2358 242 2392 nunc
262 2341 489 2391 feriarum
514 2342 768 2404 descriptio
790 2350 970 2391 tantum
992 2351 1062 2391 'ex
1093 2343 1342 2392 sexcentis
1364 2342 1495 2392 ,locis

113 2446 290 2493 magna
320 2445 430 2479 cum
462 2430 684 2479 molestia
714 2437 763 2478 et
791 2429 962 2479 eadem
987 2446 1054 2479 ne
1078 2431 1273 2492 ‘integra
1298 2431 1495 2493 quidem

117 2519 312 2579 congeri
344 2519 514 2580 possit.
