1617 3035
119 370 246 420 quos
291 357 598 424 duraverint,
646 361 710 409 ‘ab
751 363 831 410 illo
864 369 1000 411 retro
1045 371 1160 414 sunt
1205 364 1505 414 numerandi·-

116 445 220 494 Sed
250 445 300 491 in
342 447 585 508 angustiis
602 448 914 512 »quibusdam
954 463 1247 517 versamur,
1272 453 1325 501 in
1357 466 1503 515 quem

116 531 246 579 diem
278 546 580 596 apponamus
602 536 808 604 initium,
842 553 988 600 quum
1006 538 1066 589 ab
1097 540 1504 604 omnihusrserip-

112 619 298 669 toribus
329 620 424 669 hoe
466 624 637 672 mirum
670 625 737 673 sit
784 625 996 676 retineri.
1071 628 1390 690 Nequaquam
1421 607 1504 679 ta-

114 722 226 756 men
269 711 499 772 exiguum
544 725 658 758 esse
706 712 838 759 illum
882 712 1065 761 dierum
1107 725 1382 777 numerum,
1438 729 1503 764 ex

113 796 395 844 Scholiasta
439 797 500 844 ad
540 799 787 862 Euripidis
818 800 1074 848 Hecubam
1114 799 1369 865 videmus,
1417 804 1500 866 qui

111 897 200 929 eas
231 898 319 945 per
349 890 526 936 multos
566 886 673 936 dies
706 905 823 937 esse
855 888 1125 937 celebratas
1158 890 1298 952 dicit3
1341 905 1498 952 neque

111 977 203 1024 alio
236 978 376 1026 modo
409 990 466 1024 se
498 991 578 1024 res
612 978 786 1024 habere
817 984 1004 1041 potest,
1038 980 1111 1040 si,
1146 986 1259 1040 quot
1292 986 1498 1039 quanta-

50 1110 52 1112 .
114 1077 209 1124 que
244 1067 491 1113 sollemnia
521 1065 877 1112 Panathenaeis
920 1066 1002 1127 agi
1041 1068 1308 1113 consultum
1340 1067 1497 1128 fuerit,

112 1154 444 1214 perpenderis.
505 1153 662 1199 Etiam
693 1152 937 1199 Aristides
968 1154 1144 1216 rhetor,
1176 1160 1229 1200 ut
1249 1154 1498 1201 Panathe-

111 1241 281 1287 naicae
301 1241 532 1287 orationis
554 1253 674 1286 suae
691 1239 1034 1299 longitudinem
1054 1247 1271 1302 excuset,
1297 1240 1357 1288 de
1377 1254 1497 1303 gra-

111 1329 261 1376 vitate
291 1329 559 1391 argumenti
592 1341 816 1389 querens,
851 1335 1096 1389 comparat
1126 1324 1382 1376 Minervae
1414 1330 1497 1377 fe-
1539 1358 1544 1364 ·

110 1418 233 1479 rias,
278 1431 398 1477 quas
435 1425 483 1463 et
525 1417 662 1476 ipsas
694 1430 787 1460 non
821 1396 914 1461 une
947 1416 1137 1462 absolvi
1170 1415 1248 1464 die
1280 1418 1374 1481 ait,
1406 1417 1497 1465 sed

114 1505 462 1552 multitudinem
482 1502 665 1550 dierum
678 1503 868 1549 decoris
884 1509 934 1549 et
949 1504 1333 1564 magnificentiae
1346 1517 1498 1552 causa

112 1589 336 1654 adjungi3
379 1592 729 1651 gymnicosque
762 1588 902 1636 ludos
936 1596 984 1635 et
1015 1591 1175 1652 magis
1209 1591 1354 1637 etiam
1385 1606 1496 1638 mu-

110 1679 269 1739 sicos,
302 1693 389 1739 per
420 1678 649 1739 plurimos
681 1676 786 1723 dies
818 1676 1097 1723 continuari.
1135 1675 1208 1731 ⁹⁸)
1274 1678 1496 1739 Denique

109 1779 256 1827 supra
291 1764 393 1825 jam
434 1765 673 1828 vidimus,
720 1764 953 1824 omnium,
1004 1777 1125 1825 quas
1167 1765 1496 1814 Athenienses

108 1854 382 1916 agitabant,
423 1854 644 1900 feriarum
679 1853 1020 1900 Panathenaea
1051 1852 1289 1899 maximas
1323 1855 1494 1914 appulus

107 1939 219 2000 lari;
255 1955 314 1987 ae
347 1941 392 1987 si
425 1940 487 1986 ad
520 1940 701 1986 dierum
737 1953 923 2000 quoque
957 1937 1006 1984 id
1038 1953 1284 1987 numerum
1315 1940 1494 1988 referre

105 2029 235 2091 lieet,
269 2028 537 2076 Eleusiniis
560 2028 683 2073 inter
714 2032 906 2074 ceteras
926 2027 1077 2074 ferias
1110 2027 1400 2090 diutissime,
1432 2027 1493 2075 ab

106 2116 242 2162 XV‘0
279 2129 434 2176 usque
468 2115 529 2161 ad
561 2114 799 2162 XXIIItiam
833 2115 986 2174 diem,
1025 2130 1112 2176 per
1142 2129 1316 2162 novem
1348 2115 1496 2177 igitur

105 2203 214 2251 dies
247 2202 548 2265 durantibus,
588 2204 932 2250 Panathenaea
964 2203 1144 2262 aliquot
1183 2201 1354 2249 diebus
1386 2203 1495 2249 lon-

105 2291 271 2352 giores
304 2295 519 2337 statuere
550 2303 696 2350 posse
727 2289 969 2337 videmus.
1031 2291 1105 2337 Ita
1137 2289 1211 2351 fit,
1244 2296 1298 2336 ut
1327 2285 1494 2336 Pana-

104 2379 321 2435 thenaea
344 2379 583 2440 attingant
618 2378 715 2424 fere
748 2379 1013 2439 Synoeeia,
1046 2392 1170 2439 quae
1201 2377 1358 2424 XVIto
1386 2377 1495 2424 He-

107 2467 466 2514 catombaeonis
493 2465 572 2513 die
595 2466 900 2527 agitarentur.
963 2466 1079 2512 Jam
1109 2479 1226 2512 vero
1248 2457 1393 2526 quu'm
1413 2463 1496 2511 vi-

107 2552 334 2613 derimus,
367 2562 542 2614 quanta
563 2555 686 2601 inter
702 2559 901 2613 utraque
922 2553 1130 2600 affinitas
1158 2551 1494 2600 intercedat—-
