1617 3035
782 190 856 246 28

131 320 319 368 nomine
359 325 449 365 nec
490 315 740 382 meretrix,
792 320 884 362 nec
923 313 1118 362 tibicina
1160 328 1254 363 nec
1294 314 1508 372 libertina

133 415 212 455 aut
242 417 384 454 serva
415 410 683 452 vocaretur.
706 399 783 462 ⁵⁸)

220 495 347 539 Inter
393 483 563 538 omnia*
602 492 853 538 Minervae
901 491 1144 538 sollemnia
1192 488 1285 535 hoc
1332 489 1508 537 festum

130 579 177 627 id
197 587 289 644 est,
321 580 371 627 in
389 592 482 640 quo
505 579 739 626 excelsior
770 578 888 625 deae
920 584 1088 626 natura
1120 573 1508 639 splendidissime

132 670 301 716 elucet.
365 667 546 713 Colitur
577 666 702 711 enim
733 671 787 711 ut
818 665 1050 711 salvatrix
1072 665 1264 711 humani
1295 661 1509 726 generis,

132 735 266 814 cujus
299 754 446 800 vitam
485 753 676 813 ingenio
710 752 926 812 implevit
955 729 1392 811 multiplicibusque
1424 763 1509 796 ar-

132 842 258 888 tibus
300 841 562 887 exornavit.
628 838 768 897 Quod
801 837 979 887 Graeci
1018 839 1167 899 pulcri
1199 844 1247 886 et
1277 836 1509 898 praeclari

131 941 397 989 procreare,
421 926 548 988 quod
579 940 659 974 ars
693 927 942 974 excelsum
964 932 1104 988 atque
1137 938 1279 974 aures
1313 923 1509 971 oculos·-

134 1030 226 1076 que
267 1015 513 1063 delectans
559 1017 769 1078 fingere,
823 1015 947 1075 quod
992 1016 1197 1062 animum
1238 1013 1408 1061 efferre
1461 1018 1511 1058 et

132 1116 278 1163 supra
303 1102 601 1162 quotidianas
629 1104 947 1163 cogitationos
980 1104 1142 1150 tollere
1179 1108 1321 1162 atque
1347 1098 1510 1147 divino

132 1190 291 1236 afflatu
329 1188 613 1248 perfundere
645 1191 884 1249 beateque
916 1196 1124 1251 poterat,
1166 1204 1250 1248 per
1281 1190 1371 1236 hos
1404 1185 1509 1234 dies

131 1276 190 1323 ad
221 1276 376 1322 lucem
408 1274 596 1335 prodiit,
630 1276 772 1335 quasi
803 1276 1122 1336 pulcherrima
1153 1289 1243 1322 sua
1259 1274 1383 1322 dona
1413 1274 1508 1331 hoc

131 1372 340 1423 tempore
361 1362 451 1409 dea
472 1363 738 1410 hominibus
762 1365 1007 1426 porrigere
1031 1362 1287 1410 videretur.
1342 1360 1509 1423 Gym-

132 1451 255 1497 nicis
288 1451 414 1497 enim
444 1452 735 1511 musicisque
765 1451 890 1497 ludis
932 1457 1233 1497 certaverunt
1263 1450 1512 1497 artificiosi

136 1532 478 1585 Athenienses.
551 1539 745 1585 Nullum
785 1538 1121 1601 gymnasticae
1159 1552 1340 1602 genus,
1381 1535 1513 1585 nulla

133 1621 484 1684 quadrigiorum
537 1638 616 1672 ars
665 1625 834 1686 defuit3
886 1625 1053 1687 hymni
1103 1631 1151 1672 et
1201 1623 1410 1676 carmina
1462 1630 1512 1672 et

132 1709 256 1767 quod
276 1711 491 1758 tibiarum
511 1727 861 1772 nervorumque
893 1720 1062 1760 cantus
1094 1720 1339 1773 praestare
1365 1720 1508 1772 pote—

131 1802 229 1860 rat,
281 1796 511 1860 auditum3
574 1800 831 1847 sollemnes
887 1800 1127 1848 orationes
1179 1801 1409 1848 recitatae
1461 1806 1513 1849 et

129 1885 324 1932 Homeri
355 1886 620 1933 inclitorum
653 1887 913 1934 carminum
932 1887 1159 1934 memoria
1189 1888 1390 1949 repetita
1409 1895 1485 1935 est
1493 1902 1512 1950 3

134 1987 343 2035 vespera
385 1973 591 2041 denique
631 1975 1048 2036 lampadephoriae
1087 1977 1136 2023 in
1173 1975 1362 2024 lucidae
1393 1977 1513 2023 deae

135 2060 369 2107 honorem
411 2068 521 2107 sunt
558 2061 771 2125 habitae,
815 2063 986 2123 quibus
1028 2077 1125 2108 nox
1165 2062 1276 2124 ipsa
1306 2063 1355 2109 in
1387 2061 1512 2110 diem

133 2149 353 2196 converti
374 2148 627 2195 videretur.
675 2150 777 2196 Sed
801 2150 925 2208 quod
942 2163 1177 2195 summum
1193 2150 1298 2210 fuit,
1323 2152 1512 2214 magnis

130 2236 488 2284 Panathenaeis
520 2236 764 2282 sollemnis
797 2237 877 2281 illa
907 2249 1076 2296 pompa
1108 2235 1248 2284 ducta
1279 2244 1378 2299 est;
1417 2231 1512 2300 qua

134 2324 244 2383 quid
265 2324 560 2386 praeclarius
582 2323 783 2384 cogitari
801 2328 973 2386 potest,
997 2329 1045 2370 et
1077 2325 1334 2390 excelsius,
1367 2340 1512 2388 quum

135 2427 301 2461 omnes
331 2413 682 2474 Athenienses,
714 2413 1021 2474 magistratus
1053 2420 1193 2474 atque
1223 2417 1386 2478 cives,
1418 2429 1510 2475 pe·-
1535 2434 1542 2443 ⁴

137 2498 262 2549 dites
305 2503 589 2564 equitesque
633 2500 761 2548 feste
804 2502 1014 2549 exornati
1059 2502 1118 2551 ad
1160 2492 1509 2552 Parthefionem
