1617 3035
754 222 825 277 13

154 343 162 350 ”
195 349 383 398 Deinde
414 350 608 398 hiberno
641 357 781 412 atque
812 365 959 397 verno
983 357 1196 411 tempore
1222 363 1308 410 per
1338 349 1482 410 quin-

104 452 195 499 que
235 437 339 485 fere
376 452 570 487 menses
607 440 763 485 nullae
782 439 785 440 ’
803 438 1057 484 Minervae
1088 437 1237 484 feriae
1269 435 1481 498 agitatae

102 531 229 588 sunt,
244 525 289 572 si
309 538 404 573 una
417 525 537 573 forte
550 525 744 571 ineunte
763 538 880 570 vere
901 522 1116 582 excipias
1135 534 1483 587 προχαριστη-

78 599 211 676 ’ρια,
256 612 432 673 μ(Ῑιιίἱηιε,
473 624 642 657 omnes
683 609 994 671 magistratus
1034 609 1250 656 solemne
1289 623 1481 656 sacrum

99 698 353 761 faciebant,
383 704 436 745 ut
456 697 681 759 praevias
709 693 1093 744 maturandamm
1119 696 1184 743 alr
1200 707 1261 742 ea
1291 694 1480 756 frugum

101 782 286 847 gratias
325 785 493 833 acturi.
554 786 607 832 N
607 799 684 831 am
730 784 828 831 nisi
860 782 912 830 id
942 795 1134 831 sacrum
1166 773 1362 829 rectius
1377 782 1481 829 for-

102 878 237 918 tasse
267 869 581 932 Proserpinae
610 868 949 938 vindicandum
981 876 1075 917 est.
1091 869 1153 929 ⁴⁷)
1206 870 1480 916 Minervam

104 973 245 1020 quam
269 958 462 1006 ‘aestivi
501 971 689 1019 quoque
721 957 899 1005 caloris
931 971 1047 1005 esse
1078 957 1220 1004 deam
1251 956 1481 1016 vidimus,

97 1044 197 1104 jam
230 1059 289 1090 eo
320 1045 453 1091 veris
491 1050 728 1106 tempore,
771 1058 864 1105 quo
905 1043 1048 1104 primi
1078 1043 1198 1089 solis
1229 1040 1483 1089 calidiores

104 1130 224 1179 radii
258 1130 547 1193 sentiantur,
578 1136 643 1176 ut
661 1130 836 1175 bonum
868 1129 1100 1176 fructibus
1121 1129 1289 1176 afferat
1320 1129 1482 1175 incre-

71 1232 87 1252 ·
104 1220 329 1277 mentum,
362 1198 642 1264 invocatam*
666 1228 779 1263 esse
811 1214 1014 1277 cogitari
1044 1222 1220 1277 potest.

198 1304 312 1351 Inde
358 1292 387 1350 a
428 1303 745 1366 Thargelione
788 1316 956 1350 mense
995 1302 1157 1362 (Majo
1198 1325 1264 1338 —-
1304 1302 1481 1361 Junio)

105 1370 404 1438 Minervales
453 1390 604 1437 feriae
653 1390 916 1437 crebriores
963 1390 1186 1437 evadunt.
1271 1391 1384 1438 Jam
1434 1391 1482 1434 in

106 1479 262 1537 ipsum
294 1465 661 1537 Thargelionem
702 1475 824 1523 duae
856 1476 1098 1539 incidunt,
1142 1466 1486 1539 Καλλυντὴρια

40 1610 43 1612 ,
107 1563 292 1610 decimo
333 1577 456 1609 nono
498 1564 683 1611 mensis
725 1569 868 1623 atque
905 1564 1146 1625 vigesimo
1195 1563 1358 1624 quinto
1407 1562 1485 1609 die

108 1640 390 1712 πλυντήρια.
409 1647 479 1707 *3)
552 1649 648 1694 His
696 1634 1001 1713 potissimum
1044 1657 1185 1710 atque
1233 1652 1295 1697 iis
1344 1650 1487 1697 festis

107 1735 296 1795 diebus,
328 1736 409 1795 qui
437 1731 652 1796 Aglauro
683 1742 732 1781 et
761 1735 1012 1782 Pandroso
1044 1737 1232 1795 proprie
1264 1737 1484 1797 ageban-

108 1828 199 1884 tur,
224 1821 483 1869 naturalem
501 1819 630 1866 illam
656 1820 906 1867 Minervae
931 1820 1335 1881 significationem
1363 1836 1486 1886 cog-

110 1922 309 1955 noscere
343 1908 470 1952 licet.

204 1991 538 2055 conjungendi
580 1999 737 2040 autem
778 1975 837 2040 hi
872 1994 966 2041 duo
998 1996 1112 2043 festi
1144 1995 1250 2044 dies
1284 1998 1484 2059 quodam

111 2079 249 2128 modo
291 2094 407 2127 esse
444 2086 494 2127 et
533 2080 790 2128 cohaerere
828 2081 1074 2147 videntur,
1111 2082 1161 2142 ⁹)
1194 2099 1339 2146 quum
1371 2087 1489 2134 alter

111 2168 338 2215 laetitiae
356 2169 477 2214 alter
505 2166 712 2228 lugendo
744 2167 1015 2217 destinatus
1048 2171 1129 2233 sit,
1161 2180 1214 2219 ut
1246 2174 1295 2218 in
1327 2173 1488 2220 Thes-

113 2254 374 2315 mophoriis
401 2261 450 2303 et
469 2254 792 2303 Antestheriis
815 2254 972 2305 simile
1004 2259 1182 2321 aliquid
1211 2260 1487 2320 reperimus.

113 2341 243 2388 Nam
275 2341 651 2389 auctumnalibus
675 2342 1069 2406 Thesmophoriis
1101 2346 1490 2395 deflorescentem

116 2436 330 2475 naturam
360 2429 813 2492 Persephonemque
851 2444 882 2477 a
906 2433 1106 2479 Plutone
1139 2441 1321 2494 raptam
1345 2434 1491 2482 luxe—

118 2523 224 2562 runt
232 2529 245 2567 ;
259 2516 321 2561 fin
326 2517 391 2561 ita
401 2524 476 2562 est
486 2523 642 2562 autem
654 2518 920 2565 solennitas
929 2521 1146 2567 hilariore
1162 2518 1493 2581 καλλιγενείας
