1617 3035
0 1600 9 1605 τ
0 1515 13 1580 *sem-4
5 1507 7 1510 -
0 1457 13 1502 nrm·
1 1433 10 1452 υ

706 214 781 270 2⁴7

54 347 209 408 ipsam
252 354 447 389 oausam
497 341 546 388 in
593 348 784 403 tempus
826 340 949 387 inter
987 336 1318 400 Hersephoria
1377 347 1439 383 ao

52 432 391 481 Panathenaea
422 429 804 490 inter-ponendus*
822 426 1028 474 videtur.
1091 428 1157 474 Ut
1188 426 1306 472 olim·
1330 424 1440 471 Mi-

53 535 203 569 nerva
254 518 313 567 de
355 517 572 565 Atticae*
606 516 819 579 regionis
872 515 1187 576 possessione
1238 520 1433 562 certans

51 610 329 670 Neptunum
368 606 485 651 vicit
527 617 587 649 ao
633 602 831 663 proinde
872 603 1095 649 Athenas
1138 603 1301 647 urbem
1345 616 1437 648 suo

53 698 207 759 ipsius
238 693 427 741 nomine
459 691 722 755 exornavit,
756 692 821 738 ita
858 689 1113 751 quotannis
1146 690 1239 736 hoo
1272 688 1351 736 die
1384 690 1435 735 in

51 788 325 830 renovatam
362 788 515 828 terrae
541 780 904 840 possessionem
933 779 1121 824 restitui
1149 784 1291 837 atque
1315 763 1437 838 pro·-

50 870 154 932 pria
184 869 345 930 populi
376 869 677 927 maximeque
709 863 987 914 veneranda
1019 866 1111 912 dea
1144 866 1435 914 consalutari

50 958 299 1005 videbatur
342 963 390 1003 et
430 955 681 1015 quotannis
735 947 978 1015 pui'eh-ram
1024 965 1213 1012 quoque
1257 953 1436 998 olivam

51 1042 175 1089 dono
208 1041 349 1100 dare,
393 1055 487 1100 qua
528 1056 722 1087 suorum
754 1040 1064 1088 certaminum
1095 1040 1313 1085 victores
1345 1052 1435 1085 co-

51 1136 342 1179 ronarentur.
368 1126 444 1188 ⁵4)

143 1279 560 1327 Hecatombaeone
591 1277 797 1338 denique
830 1275 941 1323 inde
974 1292 1003 1323 a
1023 1277 1175 1337 primo
1195 1283 1305 1338 post
1325 1278 1431 1325 sol-

53 1367 234 1414 stitium
284 1365 542 1426 plenilunio
598 1379 685 1425 per
744 1361 994 1409 dimidium
1051 1363 1153 1410 fere
1210 1379 1434 1412 mensem

45 1453 388 1500 Panathenaea
427 1452 666 1496 celebrata
714 1458 841 1517 sunt.
905 1451 1009 1496 Eae
1051 1451 1293 1497 maxim-ae
1325 1466 1434 1499 om-

44 1541 191 1601 nium,
225 1552 346 1599 quae
379 1539 584 1584 Athenis
618 1539 899 1600 agebantur,
938 1539 1088 1585 feriae
1122 1539 1313 1586 fuerunt
1336 1538 1439 1599 ⁵⁵).-

45 1625 169 1685 Quis
214 1626 341 1672 enim
389 1625 616 1686 splendor
656 1640 820 1672 earum
874 1632 1018 1686 atque
1074 1627 1433 1688 magnificentia

5 1750 10 1779 ;
43 1716 132 1760 fuit
163 1728 369 1760 necesse
402 1721 494 1775 est,
529 1707 674 1773 quum
695 1716 918 1767 Athenae
951 1715 1160 1759 omnium
1190 1714 1431 1763 Graeciae

43 1802 227 1848 urbium
271 1800 512 1846 ditissima
554 1806 699 1859 atque
750 1801 926 1846 actium
971 1801 1292 1861 feriarumque
1325 1804 1430 1853 sol-

10 1876 261 1934 ¹lemniter
313 1884 608 1947 agendarum
661 1888 992 1933 amantissima
1040 1888 1182 1935 fuerit
1213 1913 1278 1923 ·—-
1315 1891 1430 1938 urbs
1508 1884 1520 1896 ⁹

43 1973 306 2036 praeclara,
342 1987 465 2033 quae
498 1988 526 2020 a
550 1974 706 2034 poetis
730 1975 943 2034 antiquis
964 1966 1201 2029 Ἓλλαδος
1224 1969 1431 2042 «ξ’ρειςμα

45 2069 186 2122 atque
213 2053 445 2125 Ἓλλαδος
476 2052 651 2114 Ἕλλας
694 2068 743 2107 et
786 2063 845 2107 ab
896 2064 1002 2122 ipso
1048 2064 1287 2125 Delphico
1337 2066 1430 2115 deo
1471 2118 1475 2122 ,

44 2142 186 2193 ἑστία
196 2144 279 2193 καὶ
291 2148 578 2213 πρυτανεῖον
596 2149 688 2194 τῶν
706 2138 933 2212 Ἑλλήνων
948 2150 1230 2210 praedicata
1254 2155 1319 2201 sit
1334 2153 1429 2213 ⁵⁶).

43 2235 168 2294 Ipsis
187 2243 384 2295 quatuor
406 2237 500 2283 illis
516 2234 812 2283 Graecorum
829 2236 957 2285 ludis
975 2240 1303 2301 magnitudine
1322 2255 1430 2305 sua,

45 2322 261 2374 claritate
295 2330 343 2370 et
372 2324 638 2384 frequentia
669 2324 797 2370 haud
832 2326 1080 2374 inferiores
1113 2327 1301 2375 fuerunt
1331 2327 1428 2388 ⁵⁷).

45 2408 182 2471 Quae
204 2424 365 2456 earum
390 2399 623 2459 sanctitas
652 2418 812 2460 autem
831 2413 993 2475 fuerit,
1025 2415 1139 2461 licet
1172 2415 1282 2463 inde
1303 2431 1425 2464 con-

35 2495 378 2560 jicere7⁴quod
418 2498 530 2559 lege
568 2497 761 2559 jussum
806 2508 933 2563 erat⁷
974 2508 1027 2548 ut
1067 2502 1425 2554 Pentaeteridis

390 2595 393 2599 .
1045 2588 1107 2635 2*
