1617 3035
771 220 846 282 58

110 347 229 419 telis
273 349 452 411 scripta
493 362 590 414 non
632 359 942 399 recenseatur
975 338 1032 399 ⁸et·
1062 365 1095 397 a
1125 352 1310 401 'l'zetze
1343 357 1507 400 auctor

112 432 254 501 Pepli
278 451 306 484 a
324 416 620 498 philosopho
636 435 950 499 discernatur.
980 438 1080 499 ¹¹³)
1115 439 1217 488 Sed
1235 440 1330 487 hoc
1362 453 1501 500 opus,

111 522 237 584 quod
268 523 599 573 collectionem
619 526 1020 588 epigrammatum·
1034 539 1126 574 seu
1151 526 1498 587 epitaphiorum

110 609 160 657 in
202 609 382 658 heroas
424 611 712 659 Homericos
756 613 987 672 continet,
1031 612 1092 660 de
1137 609 1505 660 Panathenaeis‘

112 697 181 744 n-il
236 712 476 763 exponere
518 696 710 744 videtur
750 705 897 758 atque
942 700 1129 746 titulum
1168 699 1279 747 inde
1317 705 1498 746 tantum

111 785 396 845 accepisse,
439 783 568 844 quod
600 784 653 830 in.
680 783 1041 832 Panathenaico
1071 787 1214 846 peplo·
1242 787 1493 834 Minervae

110 877 160 917 et
200 869 398 917 heroum
443 871 537 932 ipsi
569 867 847 919 dilectorum
890 887 970 921 res
1001 880 1174 935 gestae
1207 879 1255 919 et
1285 874 1495 919 virorum

110 957 172 1006 de
213 959 367 1020 patria
408 960 530 1007 benc
573 959 858 1020 meritorum,
889 961 1087 1007 nomina
1128 959 1315 1008 intexta
1345 948 1495 1008 erant.

202 1047 458 1094 Praeterea
513 1048 798 1107 scriptoreS,
849 1047 950 1107 qui·
980 1046 1043 1094 de
1093 1047 1231 1094 feriis
1274 1054 1325 1094 et
1369 1046 1495 1093 ludis

110 1134 406 1198 scripserint,
448 1132 546 1192 ¹¹4)
589 1133 930 1182 Panathenaea
968 1148 1155 1196 quoque
1185 1134 1497 1182 tractaverint

108 1235 320 1268 necesse
353 1228 447 1279 est,
479 1228 532 1288 nt
557 1220 888 1267 Callimachus
919 1222 968 1267 in
999 1220 1117 1266 libro
1148 1218 1269 1284 περὶ
1299 1211 1495 1282 ἆγώνων

108 1307 418 1369 (Harpocrat.
443 1320 486 1353 s.
504 1319 553 1353 v.
577 1299 793 1367 ’Ἀκτια),
823 1306 1140 1353 Philochorus
1160 1303 1282 1371 περὶ
1312 1302 1497 1371 ἑορτῶν

104 1393 249 1457 (ibid.
280 1395 332 1442 in
366 1390 570 1455 Αλῶα),
609 1390 731 1460 περὶ
759 1390 853 1441 τῶν
881 1382 1143 1459 Ἀθήνῃσιν
1174 1382 1372 1457 ἀγώνων
1400 1392 1492 1455 βμ-

104 1473 229 1543 etia
274 1473 327 1550 ,ζ’
373 1480 543 1540 (said.
583 1496 626 1529 s.
655 1497 704 1529 v.
751 1470 1084 1546 Φιλόχορος),
1112 1478 1492 1543 Eysimachides

106 1564 231 1633 περὶ
270 1583 323 1616 τε
355 1564 534 1632 ἑορτῶν
574 1566 658 1614 καὶ
688 1566 845 1632 μηνῶν
875 1558 1149 1633 Ἀθήνησιν
1180 1567 1493 1630 (Harpocrat.

105 1670 150 1704 s.
181 1672 232 1704 v.
266 1650 470 1720 Σκίρον)
502 1662 550 1704 et
583 1656 686 1716 alii3
720 1655 892 1702 deinde
910 1655 1056 1704 etiam
1080 1657 1132 1717 ii,
1159 1656 1241 1716 qui
1266 1652 1493 1702 Atthides

103 1751 187 1791 aut
219 1739 340 1808 περὶ
355 1739 573 1806 Αθηνιῦν
608 1748 661 1788 ut
679 1743 929 1789 Menecles
950 1749 1031 1790 aut
1064 1743 1370 1791 Callistratus
1400 1740 1491 1803 (cf.

99 1832 386 1892 Harpocrat.
416 1845 458 1877 s.
473 1846 522 1877 v.
544 1819 934 1889 Ἑκατόμπεδον)
958 1831 1217 1892 scripsere,
1240 1831 1430 1891 aliique.

194 1918 322 1965 Mihi
365 1925 524 1965 autem
567 1925 616 1964 et
646 1918 893 1975 omnibus⁷
942 1919 1024 1976 qui
1054 1933 1215 1967 rerum
1246 1931 1492 1965 sacrarum

97 2006 372 2054 Atticarum
404 2002 611 2050 studiosi
631 2008 758 2065 suut,
791 1998 1130 2063 per-dolendum
1159 2007 1253 2066 est,
1286 2002 1491 2064 periisse

97 2092 318 2154 Lycurgi
352 2087 471 2154 περὶ
496 2082 698 2154 Ἱερείας
727 2090 1019 2151 orationem,
1050 2105 1115 2137 ex
1146 2103 1240 2150 qua
1271 2090 1490 2151 plurima,
1568 2110 1573 2115 ·

99 2179 276 2242 quibus
307 2178 751 2225 Panathenaeorum
785 2178 1035 2241 sollemnia
1065 2178 1385 2239 explicentur,
1428 2177 1488 2225 ab
1538 2174 1540 2176 ’

97 2253 480 2328 Harpocratione
512 2265 655 2310 allata
687 2263 1006 2317 inveniamus.

189 2351 475 2402 Recentiori
524 2357 736 2412 tempore
779 2350 841 2398 de
881 2351 1240 2399 Panathenaeis
1293 2351 1491 2414 scripsit

100 2441 346 2489 Meursius
360 2439 583 2502 (repetit.
605 2439 654 2485 in
676 2436 911 2486 Gronovii
928 2439 1056 2486 thes·
1083 2439 1180 2486 vol.
1201 2438 1319 2505 Vl),
1346 2453 1487 2502 quem

101 2527 407 2591 Barthelemy
438 2529 488 2575 in
519 2525 795 2574 Anacharsi
825 2540 916 2575 suo
947 2532 1145 2574 secutus
1177 2534 1295 2578 est..
