1617 3035
735 219 810 311 25

81 356 190 410 sive
220 357 270 407 in
301 357 399 407 hoe
425 356 531 422 ipso
562 357 667 407 loeo
707 356 854 407 situm
886 355 996 406 sive
1028 351 1148 403 illud
1173 365 1218 402 'a
1250 351 1464 401 Pausan.

81 454 131 496 et
161 448 357 514 Hesyoi.
391 463 433 495 s.
453 463 502 495 v.
536 438 837 511 ὦσχορόριον
869 447 919 492 in
950 444 1126 491 Piraeo
1148 448 1465 490 memoratum

79 535 183 583 fuit.
205 533 285 594 ⁴⁷)
365 535 489 584 Cum
530 535 693 594 lepore
735 534 882 596 igitur
920 530 1125 591 quodam
1169 543 1229 578 ae
1266 528 1464 578 festivi-

61 627 177 675 ‚tate
229 624 440 669 umbram
494 620 554 667 ad
602 620 731 666 hune
779 618 963 666 aridum
1022 618 1183 665 locum
1237 617 1461 678 tulerunt,

12 760 14 762 ,
78 710 218 770 quasi
262 715 437 755 terram
477 722 507 754 a
538 708 657 776 solis
706 707 854 754 radiis
884 705 1061 753 -tuituri
1102 719 1161 751 ao
1192 704 1361 765 deam,
1408 709 1462 749 ut

4 812 6 814 ’
77 796 205 843 illius
219 796 338 842 'vim
361 796 551 842 noxiam
585 801 850 855 averteret,
880 793 1136 855 precaturi.
1203 790 1342 851 Quae
1376 791 1461 840 hi-

75 884 192 931 laris
236 884 567 931 sollemnitatis
607 880 795 928 indoles
838 882 1048 928 cernitur
1092 881 1239 926 etiam
1271 895 1335 927 ex
1368 895 1460 927 an-

4 1007 6 1009 >
75 972 412 1030 nominatione,
433 984 539 1030 qua
559 971 707 1017 verba
739 963 907 1034 σκῖρον
931 966 1240 1028 (umbellam)
1273 975 1322 1016 et
1343 963 1457 1016 σκί-

1 1104 5 1109 ,
75 1070 162 1122 ρος
195 1057 397 1118 (humus
430 1056 587 1117 arida)
613 1056 836 1118 jocantes
869 1062 1144 1117 permutant
1165 1053 1260 1114 4⁸).

168 1144 355 1191 Deinde
386 1144 624 1205 sequenti,
666 1150 720 1190 ut
750 1142 957 1200 videtur,
990 1142 1068 1189 die
1091 1140 1171 1199 4⁹)
1206 1142 1460 1203 Arrepho-

75 1230 147 1278 ria
166 1229 241 1290 ⁵⁰)
285 1231 541 1278 celebrata·
563 1235 691 1277 sunt.
755 1230 821 1278 Ut
862 1220 1019 1276 laetus
1053 1229 1148 1288 ille,
1188 1229 1270 1275 hio
1302 1230 1457 1277 tristis

77 1315 184 1364 dies
227 1324 327 1378 est3
373 1324 426 1363 ut
472 1318 600 1364 illius
643 1319 764 1364 ritus
796 1317 966 1378 aperti,
1008 1316 1076 1362 ita
1119 1317 1281 1365 arcani
1313 1315 1457 1377 hujus

24 1394 27 1400 ’
76 1411 202 1453 sunt.
247 1406 377 1453 Nam
400 1418 548 1465 quum
567 1405 645 1452 illo
671 1402 765 1467 die,
797 1417 940 1465 quam
969 1401 1216 1463 injucundi
1244 1404 1457 1452 homini-

70 1493 159 1540 bus
191 1493 462 1554 plantisque
495 1498 545 1538 et
575 1492 795 1539 moelesti
827 1491 926 1540 sint
957 1492 1078 1538 solis
1103 1489 1242 1552 radii,
1275 1492 1455 1540 festivo

70 1579 210 1627 modo
254 1579 607 1642 exprimebant,
662 1579 756 1626 hoo
798 1577 877 1625 die
910 1585 1101 1626 secreta
1134 1578 1457 1630 sollemnitate

2 1675 4 1681 “
69 1665 175 1726 ejus
217 1667 317 1714 vim
361 1673 579 1713 avertere
620 1680 651 1713 a
683 1665 871 1727 deaque
913 1666 1127 1727 pluviam
1169 1674 1251 1714 aut
1294 1681 1452 1715 rorem

11 1776 13 1778 ·
68 1752 178 1814 (qui
222 1754 272 1799 in
323 1753 711 1801 meridionalibus
750 1755 972 1813 Europae
1017 1754 1296 1815 regionibus
1339 1756 1452 1804 vioe

68 1841 297 1889 rariorum
358 1840 624 1901 pluviarum
666 1857 677 1862 -
695 1838 936 1904 fungitur)
1004 1854 1205 1888 exorare
1269 1841 1452 1895 volunt.

68 1928 381 1977 Praefuerunt
437 1928 550 1974 huie
601 1922 907 1976 sollemnitati
966 1929 1189 1989 virgines
1242 1938 1454 1991 *quatuor

68 2014 295 2065 nobili0re
326 2022 470 2079 gente
501 2015 751 2075 oriundae²
771 2016 1033 2078 Arrephori
1066 2024 1148 2064 aut
1162 2018 1452 2081 Hei-siphori

67 2104 241 2165 diotae,
284 2117 410 2164 quae
442 2103 698 2164 septimum
729 2117 904 2149 annum
938 2120 1190 2167 egressae,
1232 2104 1323 2155 sed
1355 2108 1452 2155 mi-

67 2204 212 2238 nores
245 2190 411 2237 decem
444 2197 611 2237 essent
653 2204 862 2238 neeesse
893 2191 1105 2252 fuit,⁵¹).
1168 2194 1245 2245 De
1278 2196 1450 2255 quibus
1479 2221 1486 2227 -

5 2281 7 2285 ’
67 2272 341 2325 Pausanias
372 2278 516 2325 tradit
545 2280 583 2342 Ι,
610 2276 688 2324 27.
730 2278 1000 2341 „Virgines
1021 2281 1157 2329 duae
1181 2297 1273 2328 non
1306 2284 1447 2344 longe
1496 2313 1502 2317 -

68 2380 98 2413 a
123 2363 343 2412 Poliadis.
368 2366 581 2415 habitant
596 2372 625 2427 ς’
642 2381 728 2414 eas
759 2366 1091 2419 Athenienses
1109 2360 1448 2434 Ἇῤῥηφόρους

68 2453 322 2515 appellant.
384 2454 492 2502 Hae
524 2459 707 2502 eertum
738 2447 931 2518 tempus
964 2457 1089 2519 apud
1137 2457 1279 2506 deam
1311 2473 1449 2526 com-

67 2547 330 2600 morantur3
380 2538 552 2591 deinde
606 2543 687 2591 ubi
738 2543 894 2594 festus
943 2544 1051 2595 dies
1094 2543 1309 2611 advenit,
1362 2564 1448 2610 per

1135 2626 1164 2670 2
