1617 3035
773 271 848 330 31

217 392 325 440 Hoc
365 396 565 444 aestatis
605 404 816 459 tempore
840 399 1073 448 *Minerva
1104 398 1227 447 adeo
1259 402 1361 445 orta
1395 408 1507 444 esse

123 479 310 542 dicitur,
344 495 403 529 ac
422 484 761 531 Panathenaea
792 493 844 531 ut
876 485 982 533 dies
1013 485 1118 546 ejus
1149 487 1325 534 natalis
1349 484 1508 532 festus

122 566 359 617 celebrata
391 586 507 618 esse
538 571 779 617 videntur.
816 569 894 628 ⁶⁰)
1396 620 1398 622 ,

212 645 659 704 Panathenaeor-um
690 656 771 702 vis
804 662 964 713 autem
997 662 1142 716 atque
1173 658 1362 716 pondus
1393 656 1506 704 inde

120 745 420 805 potissimum
442 744 653 805 perspici
677 750 854 806 potest⁷
887 743 1013 804 quod
1036 744 1222 790 mensis
1256 758 1349 805 quo
1383 757 1509 804 age-

118 831 310 889 bantur,
351 844 524 878 annum
556 832 770 898 Atticum
802 832 996 892 incepit.
1059 832 1346 892 Plerumque
1379 830 1508 878 enim

121 919 421 979 mensem7⁴in
447 933 586 978 quem
609 919 757 964 feriae
782 919 848 964 dii
873 921 921 964 in
954 919 1112 978 aliqua
1143 926 1269 965 terra
1300 917 1507 965 maxime

118 1005 336 1051 venerati
354 1018 539 1064 eaeque
559 1005 847 1052 sacerrimae
866 1005 1105 1065 incidant,
1126 1006 1238 1051 anni
1261 1004 1507 1052 cardinem

118 1102 234 1138 esse
274 1090 395 1137 mihi
437 1091 602 1138 videor
634 1093 942 1140 observasse.
1005 1093 1079 1139 Ita
1111 1090 1238 1152 apud
1269 1091 1509 1138 Eleenses

119 1191 264 1238 quum
307 1192 522 1224 summae
562 1180 712 1225 feriae
755 1185 922 1226 essent
965 1179 1206 1239 Olympici
1249 1175 1350 1224 ludi
1390 1179 1509 1225 Jovi

118 1264 280 1329 dicati,
311 1266 512 1326 mensiS‚
546 1279 639 1326 quo
670 1266 723 1313 hi
748 1266 1023 1327 edebantur,
1054 1267 1217 1313 Attico
1239 1267 1506 1314 Hecatom-

115 1352 289 1399 baeoni
319 1351 633 1412 respondens,
666 1354 778 1399 anni
809 1354 994 1399 initium
1024 1353 1163 1413 fecit3
1193 1352 1320 1414 apud
1350 1352 1505 1414 Argi-

114 1452 208 1486 vos
248 1454 366 1485 vere
410 1451 565 1484 annus
609 1439 814 1501 incepit,
863 1454 958 1500 quo
1003 1447 1217 1499 tempore
1257 1440 1337 1485 ille
1379 1440 1502 1484 inter

66 1587 71 1592 ·
113 1525 290 1572 Jovem
333 1530 382 1570 et
411 1524 675 1586 Junonem‚
716 1525 766 1571 in
807 1525 1040 1586 Argolide
1081 1525 1500 1571 veneratissimam

113 1609 254 1658 deam
271 1602 406 1674 ἱερᾶς
426 1601 585 1672 γάμος
604 1624 719 1658 esse
739 1612 885 1659 initus
905 1612 1202 1660 credebatur.
1227 1610 1246 1637 ⁶
1259 1611 1301 1666 1)
1333 1612 1498 1658 Boeo-

112 1698 197 1744 tici
237 1698 350 1745 anni
391 1697 534 1744 cardo
574 1697 663 1745 fuit
709 1699 943 1746 Bucatuis
982 1700 1167 1747 mensis
1209 1713 1239 1745 a
1279 1697 1497 1759 proximo

111 1790 222 1845 post
252 1785 465 1839 brumam
486 1787 728 1834 novilunio
761 1788 1012 1846 incipiens,
1045 1801 1136 1845 quo
1169 1786 1217 1830 in
1250 1785 1493 1847 Dionysii,

111 1885 142 1917 a
180 1871 380 1917 Boeotis
422 1877 552 1917 tanto
595 1885 739 1932 opere
780 1873 919 1932 culti,
961 1872 1189 1918 honorem
1230 1871 1494 1918 Trietcrica

111 1949 371 2019 agebantur
402 1964 451 2004 et
479 1972 644 2024 ταυρῳ
665 1948 846 2023 μύρφῳ
872 1959 979 2006 sive
1010 1957 1231 2021 βουγενεῖ
1262 1958 1490 2005 bovinum

110 2028 300 2091 sacrum
332 2045 491 2107 fiebat,
523 2045 649 2092 unde
679 2047 864 2092 mensis
896 2047 1002 2106 ipse
1032 2060 1203 2092 nomen
1235 2043 1489 2103 accepisse

64 2117 70 2124 ⁶
108 2131 319 2192 videtur3
353 2131 424 2185 ⁶²)
460 2132 658 2191 Cyprici
691 2139 849 2179 autem
872 2133 984 2178 anni
1014 2131 1356 2192 Aphrodisius,
1389 2129 1488 2190 qui,

108 2219 326 2266 omnibus
367 2218 680 2281 Cypricorum
727 2219 967 2266 mensium
1006 2219 1274 2266 nominibus
1315 2221 1487 2278 postea

107 2306 304 2352 mutatis
317 2336 346 2366 9.
375 2321 515 2353 suum
547 2308 678 2353 solus
709 2307 965 2365 retinebat3
997 2314 1046 2353 et
1078 2308 1185 2367 quis
1217 2304 1404 2364 nescit,
1436 2303 1486 2349 in

107 2391 271 2452 Cypro
319 2399 430 2439 ante
476 2394 600 2440 alios
647 2392 767 2439 deos
814 2393 1062 2441 Venerem
1112 2406 1224 2439 esse
1273 2383 1485 2436 cultum?

107 2477 310 2539 Delphis
330 2478 537 2539 denique
556 2479 738 2539 Bysius
771 2480 953 2542 primus
983 2479 1165 2525 mensis
1185 2477 1289 2537 fuit,
1320 2475 1487 2535 Attico

106 2565 424 2627 Munychioni
465 2566 838 2628 comparandus,
891 2581 983 2628 quo
1027 2563 1114 2611 τοῦ
1142 2561 1289 2612 θεοῦ
1331 2577 1487 2611 πυν-
