1617 3035
118 334 188 381 At
225 334 413 380 coelum
467 347 623 378 nonne
666 331 890 379 feriarum
929 339 1140 393 tempore
1175 330 1496 378 clarissimum

119 420 561 481 lucidissimumque
596 428 700 481 est,
744 419 868 468 deae
901 435 1071 468 sereno
1104 419 1261 465 animo
1294 434 1497 479 respon-

118 504 276 555 dens?
350 508 416 555 Ut
457 508 750 554 Enceladum
784 509 886 573 illa,
932 510 998 555 ita
1039 506 1208 554 hiemis
1253 506 1496 553 horrorem

118 596 422 658 rigoremque
476 604 642 641 aestas
695 598 968 655 pervicisse
1009 596 1212 642 videtur.
1289 594 1496 639 Aestivo

119 690 333 745 tempore
369 690 538 729 natura
581 682 642 729 ad
686 684 896 743 quietem
938 683 1172 744 quandam
1212 682 1414 729 rediisse
1448 688 1498 728 et

117 778 368 833 postquam
387 771 529 816 flores
562 768 824 831 frugesque
851 771 1091 833 produxit,
1123 776 1360 831 tamquam
1386 771 1497 817 vio·
1524 815 1529 819 .

117 860 211 906 trix
241 860 539 918 tranquillam
571 859 852 919 potestatis,
886 874 979 919 qua
1011 865 1109 905 tam
1140 859 1276 904 varia
1306 848 1497 918 'tamque

117 946 346 993 laetantia
377 947 651 1007 progenuit,
684 947 1047 991 sollemnitatem
1080 946 1261 1007 agitare
1291 943 1495 992 videtur.

119 1033 282 1092 Atque
323 1047 465 1094 quum
496 1035 669 1079 bellum
709 1034 893 1080 coelum
924 1034 1142 1091 caesium
1168 1033 1310 1080 nullis
1343 1033 1496 1080 nubus

115 1120 417 1181 obscumtur,
449 1136 532 1180 per
555 1122 830 1167 universam
851 1128 1062 1167 naturam
1085 1134 1273 1166 summa
1295 1119 1431 1181 q'uies
1448 1126 1497 1166 et

115 1207 409 1254 altissimum
432 1208 672 1253 silentium
692 1209 850 1255 fusum
874 1215 965 1267 est⁷
985 1215 1033 1255 et
1057 1209 1207 1268 arbor,
1243 1221 1365 1266 quae
1384 1221 1496 1253 cre-

120 1295 194 1340 vit
223 1307 377 1352 usque
410 1294 517 1353 huc,
548 1295 778 1339 fructibus
812 1295 1040 1354 excultis,
1083 1307 1248 1338 rursus
1284 1293 1495 1339 flacces-

120 1394 230 1427 cere
266 1382 455 1441 incipit,
498 1382 590 1427 hoc
629 1383 836 1427 omnium
869 1394 1023 1426 rerum
1056 1382 1280 1440 tanquam
1306 1379 1495 1439 justitio

119 1481 280 1513 nonne
312 1468 492 1513 invitus
525 1469 660 1513 homo
694 1468 897 1527 quadam
929 1467 1092 1513 divina
1123 1474 1360 1527 potestate
1405 1466 1495 1514 ad-

121 1551 326 1614 ducitur,
357 1560 410 1600 ut
441 1552 500 1599 ad
534 1555 764 1601 internum
787 1569 927 1600 suum
955 1559 1223 1601 revertatur
1242 1562 1289 1600 et
1311 1556 1497 1614 quietae

116 1654 175 1686 se
185 1655 343 1685 rerum
365 1641 694 1699 humanaeque
714 1633 1241 1685 sortissconsiderationi
1255 1639 1421 1686 tradat.
1436 1639 1494 1694 *J

112 1725 238 1784 Quis
258 1741 374 1772 vero
397 1727 542 1771 animi
567 1727 758 1771 habitus
784 1727 941 1786 magis
973 1726 1172 1773 idoneus
1201 1740 1316 1772 esse
1334 1729 1496 1787 possit

113 1812 178 1858 ad
209 1813 480 1860 Minervam
512 1813 862 1873 venerandam⁷
896 1825 1019 1873 quae
1051 1820 1101 1860 et
1132 1814 1336 1874 ipsa-nil
1367 1813 1495 1861 aliud

113 1901 208 1947 ulsi
240 1899 353 1955 νοῦς
378 1907 470 1948 est.
508 1899 580 1954 ⁵⁹)

166 2135 215 2183 *J
246 2137 475 2184 Clodius,
509 2139 683 2185 shading
717 2140 779 2175 his
815 2147 920 2185 eyes
955 2139 1065 2175 from
1092 2139 1163 2175 the
1197 2139 1375 2186 burning
1400 2137 1498 2187 sky,

243 2209 336 2235 was
366 2200 598 2236 calculated
627 2202 694 2237 the
723 2204 842 2249 gains
869 2202 918 2239 of
941 2203 1009 2238 the
1035 2202 1117 2238 last
1137 2201 1280 2246 week3
1309 2203 1386 2238 and
1417 2203 1500 2239 the

243 2263 437 2316 Grec-k,
480 2263 650 2309 leaning
683 2274 789 2309 upon
824 2267 886 2301 his
919 2266 1023 2300 hand
1058 2265 1136 2299 and
1172 2264 1388 2310 shrinking
1426 2259 1501 2301 ¹not

240 2326 348 2361 from
374 2326 461 2361 that
480 2335 558 2361 sun
581 2344 631 2351 —
657 2327 732 2362 his
759 2327 980 2364 nation's
1009 2327 1250 2373 tutelary
1278 2328 1425 2373 deity
1450 2344 1502 2359 --

241 2390 343 2423 with
371 2390 515 2424 whose
542 2389 669 2423 fluent
694 2389 799 2435 light
825 2391 873 2426 of
894 2400 1042 2437 poesy,
1073 2391 1150 2425 and
1172 2386 1254 2435 joy
1280 2391 1360 2425 and
1386 2390 1498 2437 love,

240 2450 304 2485 his
329 2460 425 2487 own
453 2452 570 2487 veins
597 2459 714 2486 were
740 2451 864 2496 filled,
890 2454 1025 2499 gazed
1054 2462 1160 2496 upon
1188 2453 1255 2488 the
1283 2451 1409 2488 broad
1425 2458 1500 2485 ex-

245 2519 371 2556 panse
393 2517 471 2550 eet.
499 2514 701 2552 Bulwer
728 2516 795 2551 the
811 2515 893 2552 last
907 2517 1012 2562 days
1032 2516 1082 2552 of
1098 2511 1292 2561 Pompeji.
1307 2514 1424 2558 chap.
1446 2515 1497 2549 11.
