1617 3035
777 178 851 233 52

117 303 226 362 suit,
257 304 446 367 frugum
477 301 631 348 messi
656 300 758 361 jam
789 299 1098 363 praecedenti
1124 301 1283 350 mensi
1309 307 1502 364 peracta

118 398 168 438 et
191 389 446 438 vindemiis
474 389 698 451 sequenti
731 388 922 436 demum
947 390 1300 450 Metagitnione
1333 391 1504 451 colligi

117 466 598 537 incipientibus-¹⁰³)
652 478 818 538 Itaque
851 483 903 522 ut
933 477 1030 537 piis
1058 491 1114 523 se
1147 456 1499 524 consideratio-¹

114 563 254 610 nibus
290 562 580 625 deorumque
609 562 839 610 dederent
858 565 1023 626 cultui,
1058 563 1155 623 jam
1188 570 1358 623 sponte
1400 564 1520 610 otio-

116 650 471 699 adducebantur
508 664 601 697 nec
629 650 807 711 exigua
847 665 908 696 ea
934 664 1086 696 causa
1109 651 1264 697 fuisse
1289 649 1497 710 videtur,

115 753 211 785 curr
246 739 649 785 veneratissimae
693 738 815 784 deae
859 737 953 783 hoc
1001 738 1107 797 ipso
1166 751 1337 784 mense
1391 737 1497 784 dies

114 825 267 871 festas
300 825 551 885 agitarent.

112 999 232 1054 1V.
314 1000 437 1064 Quo
476 1000 679 1054 ordine
712 1001 977 1071 sinyzclae
1003 1016 1066 1053 se
1090 1001 1497 1054 sollemnitates

114 1101 451 1172 exceperint
480 1104 538 1153 et
572 1099 720 1172 quod
751 1102 904 1153 inter
939 1098 1159 1172 majora
1192 1100 1251 1153 et
1276 1101 1497 1153 minora

271 1197 719 1263 ‘Panathenaea
758 1188 1061 1252 discrimen
1109 1199 1310 1268 fuerit.

220 1346 565 1393 Panathenaea
630 1347 934 1394 sollemnium
1006 1346 1494 1408 caerimoniarumque

110 1434 406 1481 multitudine
434 1440 484 1480 et
514 1435 749 1482 varietate
786 1436 1039 1482 excellunt.
1076 1436 1231 1481 'Nam
1267 1432 1492 1495 quum'in

112 1515 289 1567 ceteris
322 1521 579 1580 majoribus
618 1522 915 1590 Graecorum
954 1522 1081 1569 ludis
1118 1522 1222 1568 sola
1264 1522 1492 1583 gymnica

110 1608 388 1669 plerumque
405 1616 487 1656 aut
504 1610 609 1656 sola
625 1611 814 1656 musica
835 1610 1096 1656 certamina
1114 1609 1492 1666 admitterentur,

107 1694 158 1741 in
190 1695 286 1743 illis
319 1702 520 1756 utraque
553 1695 808 1755 conjuncta
839 1697 1029 1743 fuerunt
1075 1695 1172 1749 ¹⁰4)
1208 1703 1256 1741 et
1289 1696 1368 1743 his
1401 1709 1492 1742 ac-

108 1784 265 1828 cessit
297 1784 543 1829 sollemnis
586 1785 666 1829 illa
696 1798 806 1830 cum
849 1785 1058 1830 maximo
1098 1782 1337 1829 sacrificio
1371 1795 1493 1828 con-

105 1880 235 1914 nexa
267 1868 314 1914 in
348 1884 510 1916 arcem
540 1885 733 1932 pompa.
805 1872 884 1917 Ad
916 1868 1006 1917 has
1040 1878 1140 1917 tres
1182 1883 1297 1917 vero
1329 1876 1492 1930 partes

105 1954 275 2015 harum
307 1956 533 2002 feriarum
566 1968 734 2003 omnes
767 1958 888 2002 ritus
919 1957 1134 2001 revocari
1166 1964 1386 2015 possunt.

201 2043 314 2088 Jam
357 2058 505 2103 supra
545 2043 641 2098 ¹⁰⁵)
677 2044 887 2090 vidimus
919 2056 1139 2104 pompam
1172 2042 1491 2089 sacrificium-

106 2141 200 2190 que
233 2128 454 2176 feriarum
488 2145 601 2178 esse
624 2128 776 2179 'finem
808 2130 930 2190 10’Ἲς
963 2144 1022 2176 ac
1053 2144 1197 2191 quum
1229 2130 1339 2178 inde
1362 2145 1490 2193 ,gra-

105 2208 348 2264 dationem
382 2218 618 2278 quandam
662 2220 709 2265 in
742 2201 1050 2267 sollemnibus
1083 2226 1131 2265 et
1163 2233 1192 2264 a
1233 2219 1492 2280 parvisrad

104 2304 330 2364 graviora
345 2305 655 2368 progressum
672 2307 1052 2354 animadvertere
1068 2307 1199 2368 licet,
1231 2305 1490 2366 gymnicos

107 2388 245 2437 ludos
277 2397 331 2437 ut
361 2392 576 2452 corporis
609 2394 979 2441 exercitationes
1002 2393 1301 2441 antecedere
1318 2394 1506 2442 *muniz

107 2472 193 2521 cis*
227 2483 280 2523 ut
320 2479 466 2526 animi
498 2482 1023 2541 repraesentationibus,
1048 2481 1353 2531 statuendum
1382 2483 1490 2532 crit.
