1617 3035
765 211 836 266 16

113 336 355 407 placentae
372 339 575 385 mellitae
591 338 957 398 apponebantur.
984 331 1061 394 ²⁰)
1093 335 1310 397 Serpens
1327 339 1487 381 autem

113 429 354 478 veteribus
372 432 572 473 naturae
601 430 828 486 perpetuo
861 436 917 470 se
939 421 1215 470 renovantis
1248 428 1389 483 atque
1409 420 1487 467 fe-

111 515 295 563 cundae
313 514 583 576 symbolum
602 513 703 559 fuit.
735 510 806 566 ²¹)
870 508 1143 559 Secundum
1173 508 1488 570 antiquiorem

111 602 265 664 mythi
295 602 494 648 formam
521 613 550 644 a
568 598 788 646 Vulcano
808 605 857 644 et
878 597 1102 644 Minerva
1119 607 1234 643 esse
1258 607 1489 655 procrea-

113 698 191 737 tus
234 668 445 745 ‘videtui-3
492 683 597 743 ²¹¹¹)
638 683 740 737 sed*
768 690 819 730 ut
859 683 1115 743 virginitas
1148 681 1269 729 deae
1311 693 1488 728 serva-

111 781 262 835 retur,
305 779 419 819 tunc
463 778 636 818 terram
678 769 785 830 ejus
825 770 953 828 loco,
993 769 1042 815 in
1085 781 1226 830 quam
1265 767 1491 821 Minerva

111 875 301 922 semen,
333 874 363 906 a
384 855 656 918 deperiente
678 856 900 904 Vulcano
933 857 982 902 in
1014 854 1120 916 ejus
1150 854 1314 902 femen
1347 866 1490 914 spar-

112 962 219 996 sum
248 945 534 1007 projicisset,
570 942 647 1002 22)
679 949 793 990 tunc
824 944 974 991 solam
1006 939 1250 990 Atthidem
1287 938 1360 994 ²³)
1391 947 1492 987 tum

114 1034 396 1096 Cecropem,
432 1029 507 1089 Μ)
539 1030 755 1093 regionis
788 1030 979 1078 Atticae
1001 1030 1196 1077 heroem
1216 1041 1492 1090 supposue-

116 1127 249 1180 runt,
297 1125 377 1165 aut
426 1118 564 1165 deam
612 1119 883 1165 Minervam
926 1118 974 1164 in
1005 1119 1221 1179 reginam
1262 1116 1491 1175 Atticam,

114 1203 305 1254 Cranai'
322 1206 402 1251 vel
434 1205 671 1251 Bronteae
694 1205 767 1263 (h.
796 1221 838 1250 e.
864 1207 1039 1252 tonitru
1072 1210 1257 1251 aestate
1288 1203 1492 1263 potissi-

111 1305 239 1339 mum
270 1288 583 1351 apparentis}
606 1290 751 1336 filiam
782 1289 1096 1337 detorserunt.
1135 1288 1209 1347 ²⁵)

204 1380 346 1424 Hunc
377 1378 520 1438 igitur
543 1383 695 1423 terrae
721 1376 861 1424 deum
883 1377 1255 1438 dilectissimum!
1278 1375 1357 1435 ²⁶)
1389 1377 1494 1424 Mi-

116 1479 265 1512 nerva
296 1464 534 1511 sororibus
566 1463 722 1525 tradit,
755 1464 975 1510 nimirum
1007 1470 1060 1509 ut
1084 1478 1190 1511 rore
1214 1471 1389 1511 terram
1414 1463 1492 1510 fe-

117 1549 324 1598 cundent
355 1558 493 1610 atque
525 1552 679 1596 calore
710 1563 928 1612 gemmas
949 1550 1211 1610 plantarum
1243 1556 1493 1597 maturent.

117 1636 217 1684 Sed
267 1637 463 1683 vixdum
503 1637 705 1683 »arbores
758 1638 915 1683 aureis
964 1637 1192 1683 fructibus
1244 1636 1494 1697 splendere

115 1721 365 1783 (ornatae)
398 1722 634 1784 videntur⁷
667 1737 806 1783 quum
834 1723 935 1782 Jam
967 1725 1122 1770 hiems
1153 1724 1495 1784 appropinquat

116 1810 373 1871 frugesque
405 1808 707 1871 delabuntur,
742 1817 789 1856 et
822 1817 917 1856 tam
951 1810 1098 1857 breve
1131 1811 1334 1858 aestatis
1366 1818 1494 1857 tem—

118 1912 210 1957 pus
243 1904 332 1956 est,
364 1905 416 1943 ut
447 1896 726 1957 Agraulidis
759 1899 999 1944 sororibus
1030 1898 1184 1944 facete
1218 1899 1412 1945 inventa
1432 1898 1496 1945 sit
1536 1960 1544 1963 „

118 1982 301 2043 fabula⁷
354 1991 406 2031 ut
447 1998 507 2029 ne
548 1984 766 2030 viderent
809 1983 999 2046 quIdem
1044 1983 1091 2031 id
1124 1991 1280 2032 terrae
1329 1984 1494 2045 decus,

121 2070 406 2129 permissum
438 2084 566 2116 esse.
630 2072 833 2118 Aestate
868 2078 1047 2132 autem,
1068 2084 1173 2132 'qua
1205 2068 1495 2118 delectentur

122 2157 243 2214 sola,
273 2159 525 2216 praeterita
551 2171 702 2203 annon
722 2160 855 2218 ipsae
873 2159 992 2203 mori
1022 2153 1308 2204 videantur?
1340 2172 1495 2205 annon

124 2243 185 2290 ad
216 2244 423 2291 furorem
454 2242 750 2306 redigantur,
793 2247 838 2292 si
876 2245 1001 2305 quod
1032 2251 1162 2292 tanto
1191 2260 1334 2305 opere
1366 2253 1495 2293 tam-

122 2344 216 2392 que
255 2330 421 2377 sedulo
464 2340 851 2392 procreaverunt,
897 2331 1043 2380 deleri
1074 2333 1335 2392 potentiore
1363 2333 1415 2380 vi
1447 2341 1496 2380 et

57 2465 64 2470 ,
127 2431 418 2463 evanescere
443 2425 653 2463 cernunt.
705 2420 955 2466 Minervae
976 2427 1131 2465 autem
1159 2443 1220 2452 —-
1243 2434 1351 2466 nam
1372 2420 1495 2465 hanc

128 2510 175 2550 et
214 2505 317 2551 illas
362 2506 409 2550 in
456 2505 613 2551 fabula
660 2507 847 2553 variare
872 2502 1032 2555 'vices
1081 2509 1247 2553 mirum
1292 2507 1493 2566 amplius
