1617 3035
816 242 892 300 33

166 371 234 419 ita
274 376 328 418 ut
365 369 710 419 multitudinem
751 369 1020 418 seriantium
1061 375 1111 416 et
1153 365 1348 430 omnino
1397 366 1544 413 totius

165 458 497 507 sollemnitatis
529 455 866 522 granditatem,
903 455 1313 517 magnificentiam
1344 467 1405 501 ac
1437 467 1545 501 ma-

159 544 385 608 jestatem
416 546 544 598 haud
592 545 734 593 facile
773 539 892 592 verro
933 542 1158 603 majorem
1200 543 1287 591 tibi
1327 543 1543 606 cogitare

164 636 342 696 possis.

164 806 248 863 II.
315 804 408 864 De
446 807 986 866 Panathenaeo'rum
1014 809 1232 881 oriyine
1267 812 1326 863 et
1355 812 1548 862 tractu

475 909 740 983 temporis
783 902 1232 981 amplificatione.

259 1057 602 1105 Panathenaea
645 1062 727 1104 aut
767 1064 821 1105 ut
851 1057 965 1104 olim
997 1055 1377 1117 Harpocratione
1413 1056 1549 1101 aliis-

166 1159 259 1206 que
291 1145 496 1193 testibus
528 1144 657 1192 dicta
689 1151 826 1200 sunt,
873 1142 1128 1190 Athenaea‘
1161 1155 1191 1187 a
1223 1140 1416 1189 Graeco
1449 1142 1550 1187 Mi-

166 1246 371 1294 nervae,
416 1232 554 1293 cujus
594 1234 644 1279 in
674 1233 901 1279 honorem
936 1231 1316 1290 celebrabantur,
1358 1230 1550 1276 nomine

164 1321 529 1381 appellationem
561 1325 864 1381 acceperunt.
901 1317 974 1372 ⁶⁹)
1039 1317 1139 1365 Sed
1177 1318 1549 1365 Panathenaeo-

163 1422 267 1456 rum
298 1422 469 1454 nomen
502 1407 761 1473 antiquius,
796 1419 937 1466 quam
968 1406 1128 1467 vulgo?
1149 1405 1397 1469 accipitur,
1431 1419 1550 1454 esse

160 1493 374 1552 videtum,
404 1508 515 1541 nam
548 1509 692 1556 quum
711 1502 920 1562 quatuor,
941 1494 1165 1554 antiquae
1196 1494 1388 1541 Atticae
1419 1494 1550 1556 phy·
1572 1507 1577 1509 ·

163 1583 239 1629 lae
270 1588 460 1642 praeter
492 1588 656 1634 cetera
697 1596 819 1643 quae
852 1583 915 1628 iis
947 1576 1060 1628 sunt
1092 1582 1284 1627 nomina
1314 1582 1460 1631 etiam
1490 1581 1550 1628 de

164 1667 277 1731 diis,
311 1670 392 1730 qui
423 1670 473 1716 in
505 1683 801 1730 unaquaque·
824 1670 1033 1716 maxime
1066 1670 1345 1731 colerentur,
1377 1670 1548 1729 appel—

158 1758 284 1803 latae
316 1757 415 1803 sint
427 1755 853 1818 Dias,ss-*Athenais',
884 1755 1202 1801 Poseidonias
1235 1762 1286 1801 et
1305 1755 1547 1815 Hephae-

157 1843 305 1905 stiaS,
348 1849 415 1910 et·
429 1855 572 1902 quum
609 1841 795 1888 Pandia
816 1838 1015 1902 'quoque
1046 1841 1192 1888 ferias
1223 1841 1545 1905 inveniamus,

155 1929 493 1978 Panathenaea
533 1929 799 1977 verisimile
851 1935 927 1976 est
955 1942 1054 1997 ¹eas
1102 1915 1365 1990 antiquitus
1397 1931 1543 1979 ferias

155 2015 333 2076 fuisse,
375 2031 494 2080 quas
528 2017 578 2064 in
595 2017 865 2065 .Minervae
898 2017 1124 2065 honorem
1156 2017 1347 2080 egerint
1386 2020 1542 2066 omnis

157 2104 394 2154 Athenais
427 2104 605 2167 phylae
637 2105 837 2151 incolae.
876 2103 951 2159 ⁷⁰)

253 2205 548 2253 Cunctorum
592 2211 777 2264 autem,
821 2205 902 2265 qui
944 2205 994 2252 in
1026 2204 1237 2254 Graecia
1270 2214 1541 2269 agerentur,

155 2289 371 2340 ludorum
404 2293 794 2354 antiquissimum*
818 2293 886 2340 ait
918 2292 1162 2341 Aristides
1189 2294 1208 2319 ⁷
1219 2294 1261 2347 ¹)
1294 2293 1541 2341 Panathe-

155 2380 344 2429 naicum
376 2380 545 2429 fuisse.
587 2382 786 2442 Propter
808 2395 913 2429 eam
946 2382 1269 2443 antiquitatem
1303 2383 1541 2429 sanctita-

155 2475 347 2530 temque
378 2492 442 2501 —
473 2470 534 2532 si,
568 2483 689 2530 quae
722 2468 783 2517 de
808 2469 1119 2519 Erichthonio
1145 2475 1256 2516 sunt
1279 2467 1540 2535 disputata,

156 2556 429 2607 memineris
469 2583 532 2592 --
563 2555 693 2605 haud
725 2553 938 2618 mireriS,
980 2556 1114 2619 quod>
1136 2558 1319 2619 primus
1348 2559 1432 2607 ille
1463 2559 1540 2607 in—

1117 2639 1151 2680 2
1167 2631 1220 2660 *³1¹
