1617 3035
778 232 852 287 10

125 378 246 424 quae
268 363 410 408 insita
435 365 510 404 est
530 354 812 416 hominibus,
846 353 1104 399 infirmitati
1124 365 1218 397 non
1245 354 1491 400 renuntia-

124 456 317 510 verunt,
350 445 434 492 sed
467 444 638 503 quippe
670 442 925 487 humanum
959 451 1130 499 corpus
1162 438 1491 500 humanosque

127 547 299 582 sensus
320 531 554 579 habentes
573 535 770 576 naturae
799 528 900 574 vita
932 525 1113 589 eodem,
1147 539 1237 585 quo
1257 524 1491 589 homines,

125 627 262 682 pacto
286 619 640 679 imprimuntur.·
688 614 984 674 Quibusdam
1003 595 1198 660 floribus
1222 618 1302 659 aut
1321 611 1491 658 bestiis

125 714 175 753 et
195 707 365 753 iisdem
388 708 594 765 ipsorum
614 704 765 749 sacris
789 703 1037 763 laetantur,
1071 702 1120 745 in
1146 701 1291 746 certis
1323 699 1493 760 regio-

125 794 261 839 nibus
294 793 1019 847 hilariorescommemorantur3
1052 787 1101 832 in
1132 786 1300 846 primis
1333 792 1492 838 autem

123 893 207 939 pro
239 878 348 922 anni
387 885 646 937 temporum
677 876 909 922 varietate
940 874 1077 920 modo
1110 873 1248 933 quasi
1279 871 1491 917 vividius

124 965 304 1027 vivere,
337 963 473 1009 modo
506 962 788 1009 moestiores
821 942 934 1008 esse
974 967 1024 1007 et
1056 965 1278 1021 tanquam
1310 955 1492 1005 dormi-

126 1058 227 1096 tare
266 1050 509 1109 videntur3
552 1064 609 1094 eo
643 1055 799 1094 autem
843 1049 953 1093 anni
985 1055 1217 1108 tempore⁷
1260 1045 1386 1106 quod
1430 1045 1492 1091 iis

125 1135 378 1194 iucundum
410 1140 500 1195 est,
532 1150 623 1181 non
649 1135 829 1181 laetitia
852 1136 1003 1180 solum
1036 1134 1178 1197 affici,
1212 1133 1300 1179 sed
1331 1132 1379 1178 id
1398 1133 1493 1193 ipsi

127 1222 293 1267 afferre
335 1221 616 1280 cogitantur.
690 1219 746 1266 Si
777 1200 1018 1282 Athenis?
1054 1220 1206 1280 qualis
1250 1219 1374 1265 haec
1411 1232 1491 1265 res

124 1308 261 1353 fuerit
318 1306 676 1366 contemplaris,
753 1305 846 1350 sibi
906 1305 1110 1365 oppositi
1151 1303 1491 1363 quodammodo

80 1393 83 1396 ’
126 1398 236 1438 sunt
268 1392 491 1437 Minerva
534 1397 677 1450 atque
718 1397 971 1438 terrestres
1006 1405 1094 1437 seu
1127 1390 1379 1450 Chthonii,
1412 1392 1492 1451 qui

126 1475 377 1537 vocantur,
423 1476 489 1521 dii
523 1477 798 1538 (Bacchus,
830 1470 1121 1537 I’Foserpina
1161 1475 1300 1534 ew.)-
1362 1478 1490 1522 Nam

128 1578 272 1623 quum
304 1578 389 1623 per
410 1562 681 1609 Chthonios
713 1563 830 1609 deos
862 1565 911 1609 in
942 1565 1217 1609 ¹universum
1248 1564 1379 1610 vitae
1411 1565 1493 1610 vi·-

126 1664 206 1698 res
239 1662 556 1709 sensuumque
589 1650 815 1713 varietas,
847 1651 1024 1695 laetitia
1072 1655 1120 1696 et
1153 1647 1305 1714 dolor,
1336 1650 1494 1697 beati-

127 1735 238 1783 tudo
288 1743 335 1781 et
381 1735 639 1794 maestitia,
680 1749 832 1794 eaque
871 1749 1027 1781 rerum
1059 1737 1359 1797 permutatio,
1401 1751 1494 1797 qua

127 1838 188 1869 ex
218 1821 318 1868 vita
351 1818 410 1865 ad
442 1826 653 1884 mortem,
686 1836 714 1866 e
747 1828 896 1868 morte
927 1820 988 1866 ad
1016 1822 1164 1868 vitam
1191 1823 1348 1869 omnia
1377 1838 1493 1883 per-

129 1907 372 1966 ducantur,
404 1913 811 1966 repraesentatur,
851 1908 962 1952 anni
993 1913 1255 1966 temporum
1286 1910 1493 1956 vicissi-

127 1992 239 2041 tudo
286 1994 397 2039 visa
448 1999 524 2038 est
574 1992 688 2038 huic
732 1992 879 2038 indoli
929 2001 1254 2041 consentanea
1306 1997 1495 2057 ipsique

128 2086 379 2128 auctumno
401 2093 495 2125 una
520 2092 627 2124 oum
653 2077 819 2126 fronde
851 2080 1033 2127 caduca
1065 2082 1495 2142 emorientibusque

128 2166 323 2213 floribus
342 2165 488 2210 vitam
520 2166 779 2228 exspirare,
812 2182 897 2227 per
928 2167 1101 2214 hiemis
1134 2167 1337 2228 spatium
1371 2167 1494 2229 apud

130 2254 310 2300 Inferos
342 2253 620 2298 commorari
654 2266 711 2299 ao
742 2253 929 2316 lugere,
961 2269 1077 2301 vere
1111 2260 1267 2301 autem
1300 2254 1494 2303 floribus

131 2354 187 2386 se
211 2338 546 2400 aperientibus,
579 2339 747 2385 avibus
772 2339 922 2388 denuo
948 2341 1226 2389 canentibus
1252 2349 1300 2390 et
1326 2343 1495 2390 cuculo

131 2425 374 2473 cuculante
408 2422 725 2485 expergefieri
754 2427 908 2488 adque
949 2442 1122 2477 novam
1154 2429 1380 2477 laetitiam
1411 2441 1496 2477 re-

108 2513 269 2558 nasci
312 2512 505 2570 cogitati
536 2519 670 2562 sunt.
757 2513 977 2563 Aestatis
1017 2528 1133 2564 vero
1173 2518 1312 2579 quies
1354 2524 1496 2579 atque
