1617 3035
796 232 830 285 9

121 357 494 404 Atheniensibus
541 356 799 418 praecipue
845 356 1079 402 Minerva
1120 355 1367 401 coleretur.
1427 352 1506 402 Ei

122 446 250 491 enim
301 444 586 492 creberrima
628 452 679 491 et
720 443 1032 491 sanctissima
1084 440 1325 490 sacrificia
1377 440 1505 488 facta

120 538 266 579 sunt.·
308 533 360 580 N
361 515 420 579 ec
450 531 615 577 utilius
646 528 900 590 quidquam
919 526 1304 589 pertractandum
1337 529 1504 575 susci-

121 635 235 681 pere
266 633 359 665 non
390 617 608 678 potuisse
638 615 758 662 mihi
788 599 978 678 videor,
1022 627 1165 676 quam
1196 620 1249 660 ut
1279 614 1503 661 feriarum

120 706 448 766 maximarum,
480 715 602 764 quae
622 702 1017 764 elegantissimae
1044 699 1169 748 deae
1187 714 1316 762 gens
1338 698 1502 748 Grae-

121 790 227 839 ciae
258 789 652 854 ingeniosissima
683 787 1023 852 celebraverit,
1054 786 1502 853 Panathenaeorum

122 890 261 928 sacra
304 885 352 926 et
393 877 707 925 caerimonias
738 883 787 922 et
817 889 926 922 cum
965 881 1134 934 natura
1165 874 1288 922 deae
1319 875 1503 922 cohae-

120 966 320 1012 rentiam
351 965 620 1012 accuratius
659 976 800 1023 quam
827 948 981 1022 usque
1014 977 1073 1010 eo
1097 962 1275 1010 factum
1307 962 1386 1024 sit,
1412 976 1504 1009 ex-

121 1051 330 1111 planem.
728 1039 731 1041 ’
1124 1054 1129 1057 ’

215 1138 330 1184 Dixi
372 1146 561 1199 praeter
598 1133 944 1185 Panathenaea
971 1137 1066 1185 alia
1096 1151 1283 1198 quoque
1314 1138 1503 1183 Miner-

122 1237 216 1272 vae
255 1237 395 1272 sacra
423 1216 493 1272 ‘ab
535 1223 914 1272 Atheniensibus
945 1205 1183 1272 celebrata
1214 1236 1348 1286 esse,
1380 1237 1503 1286 quo-

122 1325 225 1359 rum
257 1312 626 1372 descriptionem
659 1312 740 1358 hic
765 1313 1080 1372 praemittam.
1112 1336 1176 1347 —-·
1205 1312 1505 1358 Praemoneo

123 1406 303 1461 autem,
348 1400 392 1444 si
434 1400 482 1444 in
514 1399 592 1445 his
624 1397 876 1445 nonnullae
903 1400 1219 1446 caerimoniae
1251 1400 1503 1459 reperian-

120 1491 223 1549 tur,
272 1485 443 1547 quibus
491 1485 714 1531 Minerva
764 1491 816 1531 ut
868 1492 1064 1533 naturae
1106 1485 1200 1532 dea
1239 1477 1424 1533 colatur
1457 1493 1506 1532 et

120 1588 242 1634 quae
267 1572 325 1620 ob
352 1572 478 1619 hanc
505 1586 606 1618 rem
627 1572 780 1618 almae
799 1571 918 1620 deae
933 1575 1092 1620 minus
1114 1572 1502 1620 accommodatae

119 1658 397 1723 videantur⁷
441 1660 491 1705 id
523 1674 616 1705 non
647 1658 912 1707 mirandum
946 1674 1072 1706 esse.
1137 1663 1190 1707 In
1224 1662 1503 1707 universum

121 1747 249 1791 enim
304 1745 559 1791 tenendum
603 1752 705 1807 est,
755 1760 898 1806 quum
948 1747 1153 1792 omnium
1204 1747 1503 1808 antiquorum

121 1830 315 1878 deorum
341 1829 542 1877 indolem
573 1845 669 1876 non
702 1847 764 1877 ex
795 1832 898 1877 sola
928 1840 1088 1878 mente
1121 1833 1369 1897 profluere,
1400 1840 1501 1880 tum

118 1918 275 1979 quoad
307 1919 467 1980 gentis
494 1917 694 1979 alicujus
727 1918 809 1978 (ut
846 1919 1213 1967 Atheniensium
1246 1920 1500 1981 Minerva)

118 2006 369 2065 populares
401 2006 519 2068 sint,
553 2005 612 2052 ad
643 2012 860 2052 naturam
893 2006 1096 2067 quadam
1128 2008 1314 2055 ratione
1346 2012 1500 2071 perti-

119 2106 257 2155 nere,
305 2092 372 2138 ita
412 2097 465 2137 ut
505 2093 603 2137 vim
653 2088 890 2152 quandam
934 2093 984 2139 in
1032 2100 1248 2141 naturam
1297 2102 1345 2142 et
1389 2099 1500 2142 anni

116 2185 379 2239 temporum
420 2180 724 2226 mutationem
765 2194 996 2227 exserere
1039 2188 1122 2228 aut
1154 2183 1248 2243 ipsi
1279 2183 1406 2229 affici
1438 2184 1498 2228 ab

120 2280 179 2310 ea
227 2265 494 2312 videantur.
580 2266 711 2314 Sane
763 2273 908 2329 quum
951 2265 1131 2316 Graeci
1172 2269 1301 2316 vitae
1340 2282 1499 2348 ἕξεις

122 2349 328 2398 nondum
357 2354 468 2416 tale,
495 2353 617 2411 quod
638 2369 666 2400 e
682 2368 812 2401 mero
835 2356 1030 2418 ingenio
1053 2355 1387 2420 proficiscitur,
1404 2357 1499 2404 sibi

120 2436 423 2485 adnitendum
454 2442 798 2505 proposuerint,
828 2442 917 2489 sed
947 2445 1142 2489 naturae
1174 2456 1498 2506 sensuumque

119 2525 323 2571 vinculis
339 2524 551 2573 obstricti
565 2529 842 2591 manserint,
858 2529 1001 2575 etiam
1016 2528 1083 2575 dii
1098 2543 1263 2577 eorum
1278 2534 1498 2595 naturali,

1070 2610 1092 2649 1
1119 2603 1144 2629 ἣ
1157 2604 1183 2630 ’k
