1617 3035
115 349 244 400 quae
292 337 342 384 in
389 333 484 382 hae
520 333 634 397 lege
681 332 926 398 dieantur,
977 333 1161 400 minora
1205 326 1361 387 fuisse
1409 350 1498 396 rei,-

114 426 337 488 petimus»

203 511 320 558 Alia
351 522 544 570 quoque
563 510 703 572 ratic,
733 517 926 573 propter
958 525 1102 574 quam
1133 511 1216 560 illa
1229 512 1496 563 Hecatom-

112 600 294 648 baeene
326 614 498 647 mense
519 614 616 645 non
634 600 957 661 Thargelione
990 615 1105 648 esse
1138 601 1377 649 celebrata
1406 615 1496 648 su-

111 689 302 748 mimus,
335 701 395 733 ea
426 693 519 746 est,
550 685 676 746 quod
708 684 1008 743 Quaestores
1033 690 1224 735 Aen-arii
1242 689 1497 737 Minervae

110 781 160 824 et
195 763 390 833 Τάμιας
418 770 505 835 τῆς
537 762 831 836 διοικήσεως
863 775 1017 822 solent
1047 770 1103 821 ἐκ
1128 769 1497 839 Παναθηναίων

109 858 163 917 ἐς
186 849 524 925 Παναθήναια
555 858 647 921 (de
679 876 774 922 qua
806 862 1013 911 dictione
1045 863 1170 910 conf.
1203 860 1378 925 supra)
1410 863 1494 911 ra}—

108 953 268 999 tiones
300 932 502 997 reddere·
533 951 1004 1010 successoribusque·
1019 948 1224 997 tradere.
1288 951 1418 997 Nam
1450 950 1496 997 si

107 1039 448 1087 Panathenaea
479 1037 568 1083 sub
610 1035 755 1083 finem
787 1037 901 1084 anni
942 1037 998 1083 in·
1016 1023 1383 1098 Thargelionem
1414 1037 1495 1084 in-

108 1126 351 1186 ciderent,
394 1124 761 1171 successoribus
803 1138 929 1169 novo
972 1124 1163 1171 demum
1195 1125 1327 1170 civili
1368 1137 1493 1172 anno

107 1222 281 1262 munus
304 1211 605 1272 adeuntibus,
636 1226 776 1257 nemo
796 1210 986 1273 fuisset,
1021 1213 1100 1257 cui
1121 1212 1336 1259 rationes
1357 1212 1492 1259 reddi

105 1304 327 1363 possent3
375 1305 539 1345 contra
577 1297 1025 1344 Panathenaeorum
1074 1303 1123 1343 et
1150 1283 1398 1357 ‘majorum
1444 1306 1493 1348 et

105 1389 341 1436 minorum
371 1394 562 1446 tempus
595 1386 675 1432 his
707 1385 968 1432 rationibus
1000 1383 1259 1431 reddendis
1292 1386 1351 1431 ob
1382 1399 1490 1432 eam

105 1478 262 1538 ipsam
294 1488 492 1521 causam
527 1471 705 1520 dictum
738 1487 853 1521 esse
887 1473 1106 1536 videtur,
1152 1470 1280 1533 quod
1313 1488 1488 1534 oppor-

105 1570 220 1610 tune
253 1564 303 1608 in
335 1564 447 1608 anni
477 1562 787 1623 principium,
830 1562 879 1607 in
910 1561 1378 1608 Hecatombaeonem
1410 1562 1488 1608 in—

106 1650 344 1698 cidebant.

197 1737 451 1797 Superest,
485 1742 539 1782 ut
563 1734 707 1782 etiam
739 1735 882 1797 diem,
915 1749 1009 1796 quo
1034 1736 1217 1782 minora
1240 1734 1488 1783 Panathe-

103 1838 227 1873 naea
259 1824 579 1886 agitarentur,
624 1825 899 1870 accuratius
932 1824 1234 1870 definiamus.
1300 1822 1410 1881 Qua
1441 1825 1490 1871 in
1533 1874 1536 1876 ,

102 1929 155 1960 re
176 1926 352 1974 magno
371 1926 515 1971 opere
549 1910 830 1969 adjuvamur
849 1912 1187 1971 Inscriptiones
1212 1926 1274 1957 ex
1295 1910 1488 1973 Olymp.

103 1999 212 2062 114,
245 1999 291 2044 4.
325 1997 501 2058 (Coi-p.
532 1998 683 2042 Inscr.
716 1998 921 2043 Numeri
941 1996 1033 2042 157
1063 2004 1196 2058 parte
1229 1997 1407 2058 altera)
1440 2000 1488 2045 in

102 2099 200 2147 qua
231 2087 463 2132 rationem
498 2082 744 2130 dermatici
775 2085 1008 2132 referente
1043 2083 1347 2144 Quaestore,
1382 2085 1486 2132 dies

100 2173 218 2220 festi
265 2172 358 2217 hoc
400 2170 564 2217 ordine
616 2171 906 2219 referuntur:
980 2164 1145 2225 θυσία
1187 2168 1247 2233 τῇ
1288 2159 1486 2235 Εἰρήνη,

102 2253 264 2307 θυσία
285 2255 357 2319 τῷ
376 2249 627 2317 ”Α,ιιμωνι,
650 2248 981 2322 παναθήναια.
1022 2258 1367 2306 Panathenaea
1385 2260 1485 2323 igi-

103 2355 176 2394 tur
217 2361 363 2408 quum
404 2353 517 2407 post
558 2346 705 2393 Pacis
749 2360 889 2393 sacra
929 2354 1296 2408 recenseantur,
1340 2348 1485 2394 etiam

21 2441 23 2443 ’
104 2441 214 2480 acta
233 2441 346 2495 post
378 2448 439 2480 ea
458 2448 574 2480 esse
594 2433 870 2481 veresimile
890 2440 982 2481 est.
1045 2434 1194 2481 Pacis
1211 2440 1370 2482 autem
1397 2430 1484 2482 sa·-
1541 2466 1548 2470 -

103 2533 188 2568 cra
226 2527 352 2569 teste
385 2522 664 2570 Scholiasta
703 2517 766 2567 ad
812 2520 1061 2584 Aristoph.
1134 2521 1317 2589 Pacem
1361 2520 1485 2570 100?
