1617 3035
767 250 842 308 3⁷

115 380 419 424 exornarunt.
479 376 531 424 N
531 391 608 424 am
650 389 795 438 quum
834 377 1051 426 Thebani
1091 384 1141 426 et
1178 375 1496 426 Phoceenses

115 456 321 524 Delphis
337 464 654 526 Thespiisque
673 465 860 512 musica
889 467 1049 527 magis
1079 458 1356 528 certamina,
1387 465 1497 512 Do-

115 548 304 599 rienses
331 549 582 612 Olympiae
608 550 712 597 sola
735 552 962 620 gymnica
986 549 1197 613 ederent,
1221 552 1494 600 Athenien-

116 650 201 686 ses
246 637 538 699 conjunxere
570 643 769 698 utraque
801 643 851 685 et
870 623 1091 701 ffllcram
1122 638 1247 686 inter
1278 640 1489 699 corporis

77 746 86 755 ·
116 725 370 785 animique
386 725 520 772 vires
552 725 839 773 excolendas
869 720 1123 774 feriendam
1153 739 1267 774 esse
1298 726 1495 773 harmo-

116 814 246 860 niam
276 812 617 861 existimarunt.
638 811 715 872 7⁸)
754 813 975 875 Inprimis
1006 828 1124 861 vero
1152 813 1404 862 sollemnis
1430 810 1494 861 ad

34 934 47 946 ,
116 912 276 946 arcem
317 912 488 960 pompa
519 900 705 961 proprio
735 900 930 961 ingenio
960 886 1217 961 Atticoque
1249 914 1380 948 more
1411 900 1492 948 in·

114 986 281 1036 stituta
312 992 405 1034 est.

211 1111 367 1172 Hujus
414 1127 614 1174 pompae
660 1112 852 1174 Olymp.
895 1111 985 1173 66,
1031 1111 1089 1175 3,
1137 1126 1183 1158 a.
1229 1109 1346 1160 Chr.
1385 1111 1495 1175 514,

113 1199 265 1261 prima
306 1200 483 1246 mentio
521 1198 597 1263 fit,
638 1212 731 1259 quo
772 1213 895 1266 anno
936 1198 1243 1260 Hipparchus
1274 1199 1334 1246 ab
1364 1200 1496 1247 Har-

113 1285 270 1333 modio
301 1293 351 1334 et
380 1287 711 1349 Aristogitone
741 1286 1016 1333 interfectus
1048 1292 1149 1346 est,
1182 1298 1326 1346 quum
1357 1292 1494 1334 extra

112 1375 274 1421 urbem
315 1374 365 1420 in
407 1374 660 1422 Ceramico
691 1386 801 1420 cum
832 1372 1080 1421 satellibus
1111 1373 1240 1423 illam
1270 1387 1492 1435 pompam

114 1460 379 1509 adornaret.
415 1460 487 1515 ⁷⁹)

206 1574 436 1622 Attamen
467 1573 529 1622 de
560 1574 920 1635 mutationibUS,
952 1574 1124 1636 quibus
1154 1573 1378 1623 feriarum
1406 1585 1496 1623 ce-

111 1659 309 1707 lebratio
362 1658 425 1707 ad
481 1672 590 1708 eam
641 1661 951 1722 perfectionis
1011 1660 1495 1724 magnificentiaeque

113 1747 330 1809 gradum,
371 1760 513 1806 quam
533 1741 739 1794 Periclis
763 1756 974 1807 tempore
998 1760 1265 1811 cernamus,
1288 1747 1495 1797 adducta

113 1834 204 1896 sit,
243 1833 309 1880 nil
347 1833 448 1881 fere
490 1847 520 1880 a
560 1832 870 1894 scriptoribus
917 1828 1141 1895 traditur,
1189 1833 1289 1883 nisi
1331 1833 1490 1897 ipsum

112 1921 375 1983 Periclem,
424 1920 639 1967 musices
692 1920 949 1967 certamine
996 1919 1201 1981 quodam
1253 1919 1493 1987 adjuncto,

113 2008 300 2057 Odeum
325 2005 614 2056 aedificasse
632 2014 682 2055 et
701 2007 917 2056 Platonis
932 2014 1091 2056 aetate
1116 1997 1490 2058 Panathenaea-

111 2111 217 2146 rum
257 2109 444 2158 quoque
483 2093 929 2157 lampadedromiam
968 2095 1210 2157 equitibus
1247 2103 1492 2163 peractam

113 2198 228 2232 esse
259 2183 433 2231 videri.
450 2227 452 2229 ,
471 2181 543 2238 ⁸⁰]

205 2296 479 2344 Posteriore
520 2297 663 2344 etiam
708 2301 866 2343 aetate
912 2295 1252 2346 Panathenaea
1291 2311 1491 2346 conser-

112 2389 235 2433 vata·
253 2389 379 2430 sunt.
444 2381 602 2443 Quam
627 2381 832 2430 studiosi
861 2382 1076 2432 ludorum
1103 2383 1281 2433 Graeci
1301 2384 1493 2433 omnino

112 2470 311 2531 suerint,
347 2467 466 2518 inde
499 2458 602 2533 jam¹
641 2478 863 2537 apparet,
903 2473 1029 2534 quod
1068 2472 1371 2520 Isthmiorum
1403 2486 1493 2520 ce-

114 2558 336 2624 lebratio,
380 2572 504 2620 quae
534 2573 564 2609 a
595 2558 859 2609 Corinthiis
890 2545 1329 2626 administrabatur,
1375 2561 1493 2609 urbe
