<?xml version="1.0" encoding="UTF-8"?>
<!DOCTYPE html PUBLIC "-//W3C//DTD XHTML 1.0 Transitional//EN"
    "http://www.w3.org/TR/xhtml1/DTD/xhtml1-transitional.dtd">
<html xmlns="http://www.w3.org/1999/xhtml" xml:lang="en" lang="en">
 <head>
  <title>
</title>
<meta http-equiv="Content-Type" content="text/html;charset=utf-8" />
  <meta name='ocr-system' content='tesseract 3.04.00' />
  <meta name='ocr-capabilities' content='ocr_page ocr_carea ocr_par ocr_line ocrx_word'/>
</head>
<body>
  <div class='ocr_page' id='page_1' title='image "./4622898_0035.png"; bbox 0 0 1617 3035; ppageno 0'>
   <div class='ocr_carea' id='block_1_1' title="bbox 780 256 861 310">
    <p class='ocr_par' dir='ltr' id='par_1_1' title="bbox 780 256 861 310">
     <span class='ocr_line' id='line_1_1' title="bbox 780 256 861 310; baseline 0 0"><span class='ocrx_word' id='word_1_1' title='bbox 780 256 861 310; x_wconf 49' lang='lat'><strong>24&gt;</strong></span> 
     </span>
    </p>
   </div>
   <div class='ocr_carea' id='block_1_2' title="bbox 128 377 1503 620">
    <p class='ocr_par' dir='ltr' id='par_1_2' title="bbox 128 377 1503 620">
     <span class='ocr_line' id='line_1_2' title="bbox 128 377 1501 449; baseline 0.002 -24"><span class='ocrx_word' id='word_1_2' title='bbox 128 382 252 427; x_wconf 86' lang='lat' dir='ltr'><strong>bona</strong></span> <span class='ocrx_word' id='word_1_3' title='bbox 277 388 344 449; x_wconf 27' lang='lat' dir='ltr'><strong>*et</strong></span> <span class='ocrx_word' id='word_1_4' title='bbox 382 380 507 445; x_wconf 56' lang='lat' dir='ltr'><strong>laeta</strong></span> <span class='ocrx_word' id='word_1_5' title='bbox 546 381 645 426; x_wconf 85' lang='lat' dir='ltr'><strong>sint</strong></span> <span class='ocrx_word' id='word_1_6' title='bbox 683 377 866 442; x_wconf 69' lang='lat' dir='ltr'><strong>omnia,</strong></span> <span class='ocrx_word' id='word_1_7' title='bbox 915 393 1038 442; x_wconf 83' lang='lat' dir='ltr'><strong>quae</strong></span> <span class='ocrx_word' id='word_1_8' title='bbox 1068 378 1348 438; x_wconf 67' lang='lat' dir='ltr'><strong>Pandrosos</strong></span> <span class='ocrx_word' id='word_1_9' title='bbox 1383 391 1501 440; x_wconf 82' lang='lat' dir='ltr'><strong>pro-</strong></span> 
     </span>
     <span class='ocr_line' id='line_1_3' title="bbox 132 444 1503 534; baseline -0.003 -18"><span class='ocrx_word' id='word_1_10' title='bbox 132 444 287 533; x_wconf 65' lang='lat' dir='ltr'><strong>creet,</strong></span> <span class='ocrx_word' id='word_1_11' title='bbox 331 468 439 534; x_wconf 53' lang='lat' dir='ltr'><strong>Qu</strong></span> <span class='ocrx_word' id='word_1_12' title='bbox 479 471 529 515; x_wconf 88' lang='lat' dir='ltr'><strong>et</strong></span> <span class='ocrx_word' id='word_1_13' title='bbox 570 454 816 520; x_wconf 82' lang='lat' dir='ltr'><strong>sororibus</strong></span> <span class='ocrx_word' id='word_1_14' title='bbox 857 468 1120 528; x_wconf 78' lang='lat' dir='ltr'><strong>excelsior,</strong></span> <span class='ocrx_word' id='word_1_15' title='bbox 1166 473 1216 513; x_wconf 82' lang='lat' dir='ltr'><strong>et</strong></span> <span class='ocrx_word' id='word_1_16' title='bbox 1246 467 1503 520; x_wconf 76' lang='lat' dir='ltr'><strong>Minervae</strong></span> 
     </span>
     <span class='ocr_line' id='line_1_4' title="bbox 132 552 1503 620; baseline 0 -20"><span class='ocrx_word' id='word_1_17' title='bbox 132 561 326 606; x_wconf 82' lang='lat' dir='ltr'><strong>naturae</strong></span> <span class='ocrx_word' id='word_1_18' title='bbox 368 553 555 603; x_wconf 84' lang='lat' dir='ltr'><strong>affinior</strong></span> <span class='ocrx_word' id='word_1_19' title='bbox 595 568 708 603; x_wconf 88' lang='lat' dir='ltr'><strong>esse</strong></span> <span class='ocrx_word' id='word_1_20' title='bbox 740 556 850 604; x_wconf 88' lang='lat' dir='ltr'><strong>visa</strong></span> <span class='ocrx_word' id='word_1_21' title='bbox 885 562 979 620; x_wconf 85' lang='lat' dir='ltr'><strong>est,</strong></span> <span class='ocrx_word' id='word_1_22' title='bbox 1003 554 1080 615; x_wconf 60' lang='lat'><strong>4¹)</strong></span> <span class='ocrx_word' id='word_1_23' title='bbox 1111 559 1221 614; x_wconf 85' lang='lat' dir='ltr'><strong>‘qua</strong></span> <span class='ocrx_word' id='word_1_24' title='bbox 1260 552 1321 600; x_wconf 90' lang='lat' dir='ltr'><strong>de</strong></span> <span class='ocrx_word' id='word_1_25' title='bbox 1341 561 1503 601; x_wconf 75' lang='lat' dir='ltr'><strong>&#39;causa</strong></span> 
     </span>
    </p>
   </div>
   <div class='ocr_carea' id='block_1_3' title="bbox 133 639 1550 712">
    <p class='ocr_par' dir='ltr' id='par_1_3' title="bbox 133 605 1617 712">
     <span class='ocr_line' id='line_1_5' title="bbox 133 639 1550 712; baseline -0.002 -25"><span class='ocrx_word' id='word_1_26' title='bbox 133 640 237 701; x_wconf 87' lang='lat' dir='ltr'><strong>ejus</strong></span> <span class='ocrx_word' id='word_1_27' title='bbox 285 642 514 701; x_wconf 83' lang='lat' dir='ltr'><strong>sacellum</strong></span> <span class='ocrx_word' id='word_1_28' title='bbox 544 641 756 712; x_wconf 83' lang='lat' dir='ltr'><strong>Poliadis</strong></span> <span class='ocrx_word' id='word_1_29' title='bbox 808 643 984 703; x_wconf 84' lang='lat' dir='ltr'><strong>templo</strong></span> <span class='ocrx_word' id='word_1_30' title='bbox 1031 639 1301 701; x_wconf 87' lang='lat' dir='ltr'><strong>adjunctum</strong></span> <span class='ocrx_word' id='word_1_31' title='bbox 1353 639 1503 695; x_wconf 54' lang='lat' dir='ltr'><strong>acisi</strong></span> <span class='ocrx_word' id='word_1_32' title='bbox 1542 690 1550 696; x_wconf 25' lang='lat'>³</span> 
     </span>
    </p>
   </div>
   <div class='ocr_carea' id='block_1_4' title="bbox 134 718 1515 2521">
    <p class='ocr_par' dir='ltr' id='par_1_4' title="bbox 134 718 1503 1048">
     <span class='ocr_line' id='line_1_6' title="bbox 134 718 1503 788; baseline -0.004 -13"><span class='ocrx_word' id='word_1_33' title='bbox 134 718 386 775; x_wconf 83' lang='lat' dir='ltr'><strong>Minervae</strong></span> <span class='ocrx_word' id='word_1_34' title='bbox 417 727 521 787; x_wconf 90' lang='lat' dir='ltr'><strong>bos,</strong></span> <span class='ocrx_word' id='word_1_35' title='bbox 551 727 620 788; x_wconf 87' lang='lat' dir='ltr'><strong>illi</strong></span> <span class='ocrx_word' id='word_1_36' title='bbox 650 727 759 772; x_wconf 87' lang='lat' dir='ltr'><strong>ovis</strong></span> <span class='ocrx_word' id='word_1_37' title='bbox 799 748 862 759; x_wconf 90' lang='lat'><em>-</em></span> <span class='ocrx_word' id='word_1_38' title='bbox 894 727 1022 786; x_wconf 91' lang='lat' dir='ltr'><strong>quod</strong></span> <span class='ocrx_word' id='word_1_39' title='bbox 1053 741 1244 775; x_wconf 82' lang='lat' dir='ltr'><strong>sacrum</strong></span> <span class='ocrx_word' id='word_1_40' title='bbox 1275 718 1503 785; x_wconf 75' lang='grc' dir='ltr'><em>ἕπίβοιον</em></span> 
     </span>
     <span class='ocr_line' id='line_1_7' title="bbox 135 808 1503 868; baseline 0 -10"><span class='ocrx_word' id='word_1_41' title='bbox 135 812 457 860; x_wconf 82' lang='lat' dir='ltr'><strong>nominabatur</strong></span> <span class='ocrx_word' id='word_1_42' title='bbox 484 839 535 847; x_wconf 89' lang='lat'>—</span> <span class='ocrx_word' id='word_1_43' title='bbox 600 812 829 859; x_wconf 88' lang='lat' dir='ltr'><strong>immolari</strong></span> <span class='ocrx_word' id='word_1_44' title='bbox 886 818 1168 868; x_wconf 81' lang='lat' dir='ltr'><strong>consuetum</strong></span> <span class='ocrx_word' id='word_1_45' title='bbox 1180 827 1188 837; x_wconf 81' lang='grc'><strong>··</strong></span> <span class='ocrx_word' id='word_1_46' title='bbox 1214 813 1326 860; x_wconf 83' lang='lat' dir='ltr'><strong>fuit.</strong></span> <span class='ocrx_word' id='word_1_47' title='bbox 1399 808 1503 860; x_wconf 86' lang='lat' dir='ltr'><strong>Sed</strong></span> 
     </span>
     <span class='ocr_line' id='line_1_8' title="bbox 137 898 1503 965; baseline -0.001 -20"><span class='ocrx_word' id='word_1_48' title='bbox 137 901 276 945; x_wconf 85' lang='lat' dir='ltr'><strong>etiam</strong></span> <span class='ocrx_word' id='word_1_49' title='bbox 308 899 358 946; x_wconf 82' lang='lat' dir='ltr'><strong>in</strong></span> <span class='ocrx_word' id='word_1_50' title='bbox 387 898 667 965; x_wconf 84' lang='lat' dir='ltr'><strong>Pandrosiis</strong></span> <span class='ocrx_word' id='word_1_51' title='bbox 714 898 1006 946; x_wconf 80' lang='lat' dir='ltr'><strong>initiationes</strong></span> <span class='ocrx_word' id='word_1_52' title='bbox 1047 905 1096 946; x_wconf 89' lang='lat' dir='ltr'><strong>et</strong></span> <span class='ocrx_word' id='word_1_53' title='bbox 1134 899 1365 959; x_wconf 80' lang='lat' dir='ltr'><strong>mysteria</strong></span> <span class='ocrx_word' id='word_1_54' title='bbox 1396 905 1503 945; x_wconf 83' lang='lat' dir='ltr'><strong>acta</strong></span> 
     </span>
     <span class='ocr_line' id='line_1_9' title="bbox 136 983 1501 1048; baseline -0.001 -16"><span class='ocrx_word' id='word_1_55' title='bbox 136 992 262 1048; x_wconf 91' lang='lat' dir='ltr'><strong>sunt,</strong></span> <span class='ocrx_word' id='word_1_56' title='bbox 283 986 407 1038; x_wconf 86' lang='lat' dir='ltr'><strong>unde</strong></span> <span class='ocrx_word' id='word_1_57' title='bbox 423 988 683 1034; x_wconf 83' lang='lat' dir='ltr'><strong>naturalem</strong></span> <span class='ocrx_word' id='word_1_58' title='bbox 710 985 830 1032; x_wconf 86' lang='lat' dir='ltr'><strong>deae</strong></span> <span class='ocrx_word' id='word_1_59' title='bbox 846 983 1238 1033; x_wconf 79' lang='lat' dir='ltr'><strong>indolemiterum</strong></span> <span class='ocrx_word' id='word_1_60' title='bbox 1253 985 1409 1042; x_wconf 83' lang='lat' dir='ltr'><strong>vides.</strong></span> <span class='ocrx_word' id='word_1_61' title='bbox 1422 983 1501 1044; x_wconf 80' lang='lat'><strong>⁴²)</strong></span> 
     </span>
    </p>

    <p class='ocr_par' dir='ltr' id='par_1_5' title="bbox 134 1070 1503 1464">
     <span class='ocr_line' id='line_1_10' title="bbox 229 1070 1503 1133; baseline -0.002 -14"><span class='ocrx_word' id='word_1_62' title='bbox 229 1073 501 1133; x_wconf 84' lang='lat' dir='ltr'><strong>Sequuntur</strong></span> <span class='ocrx_word' id='word_1_63' title='bbox 521 1071 690 1119; x_wconf 88' lang='lat' dir='ltr'><strong>deinde</strong></span> <span class='ocrx_word' id='word_1_64' title='bbox 709 1071 1100 1131; x_wconf 85' lang='lat' dir='ltr'><strong>Scirrophorione</strong></span> <span class='ocrx_word' id='word_1_65' title='bbox 1122 1070 1215 1117; x_wconf 87' lang='lat' dir='ltr'><strong>duo</strong></span> <span class='ocrx_word' id='word_1_66' title='bbox 1241 1071 1356 1118; x_wconf 87' lang='lat' dir='ltr'><strong>festi</strong></span> <span class='ocrx_word' id='word_1_67' title='bbox 1380 1071 1503 1130; x_wconf 85' lang='lat' dir='ltr'><strong>dies,</strong></span> 
     </span>
     <span class='ocr_line' id='line_1_11' title="bbox 138 1155 1501 1221; baseline -0.001 -15"><span class='ocrx_word' id='word_1_68' title='bbox 138 1162 219 1221; x_wconf 89' lang='lat' dir='ltr'><strong>qui</strong></span> <span class='ocrx_word' id='word_1_69' title='bbox 250 1161 469 1207; x_wconf 90' lang='lat' dir='ltr'><strong>similiter</strong></span> <span class='ocrx_word' id='word_1_70' title='bbox 508 1172 566 1205; x_wconf 91' lang='lat' dir='ltr'><strong>ac</strong></span> <span class='ocrx_word' id='word_1_71' title='bbox 594 1155 893 1220; x_wconf 84' lang='lat' dir='ltr'><strong>Kallynteria</strong></span> <span class='ocrx_word' id='word_1_72' title='bbox 941 1164 989 1205; x_wconf 85' lang='lat' dir='ltr'><strong>et</strong></span> <span class='ocrx_word' id='word_1_73' title='bbox 1017 1158 1283 1217; x_wconf 88' lang='lat' dir='ltr'><strong>Plynteria··</strong></span> <span class='ocrx_word' id='word_1_74' title='bbox 1302 1158 1501 1218; x_wconf 87' lang='lat' dir='ltr'><strong>conjun-</strong></span> 
     </span>
     <span class='ocr_line' id='line_1_12' title="bbox 136 1242 1502 1309; baseline -0.002 -18"><span class='ocrx_word' id='word_1_75' title='bbox 136 1245 281 1304; x_wconf 88' lang='lat' dir='ltr'><strong>gendi</strong></span> <span class='ocrx_word' id='word_1_76' title='bbox 323 1252 513 1292; x_wconf 79' lang='lat' dir='ltr'><strong>sunt—-</strong></span> <span class='ocrx_word' id='word_1_77' title='bbox 553 1246 729 1291; x_wconf 85' lang='lat' dir='ltr'><strong>Scira</strong></span> <span class='ocrx_word' id='word_1_78' title='bbox 782 1251 862 1289; x_wconf 91' lang='lat' dir='ltr'><strong>aut</strong></span> <span class='ocrx_word' id='word_1_79' title='bbox 904 1244 1297 1309; x_wconf 75' lang='lat' dir='ltr'><strong>Scirophoria</strong></span> <span class='ocrx_word' id='word_1_80' title='bbox 1325 1242 1405 1302; x_wconf 75' lang='lat'><strong>⁴³)</strong></span> <span class='ocrx_word' id='word_1_81' title='bbox 1453 1250 1502 1289; x_wconf 88' lang='lat' dir='ltr'><strong>et</strong></span> 
     </span>
     <span class='ocr_line' id='line_1_13' title="bbox 134 1327 1500 1392; baseline -0.002 -15"><span class='ocrx_word' id='word_1_82' title='bbox 134 1332 279 1377; x_wconf 89' lang='lat' dir='ltr'><strong>Arre</strong></span> <span class='ocrx_word' id='word_1_83' title='bbox 290 1330 500 1391; x_wconf 86' lang='lat' dir='ltr'><strong>phoria</strong></span> <span class='ocrx_word' id='word_1_84' title='bbox 532 1328 808 1378; x_wconf 87' lang='lat' dir='ltr'><strong>duodecima</strong></span> <span class='ocrx_word' id='word_1_85' title='bbox 840 1329 937 1392; x_wconf 86' lang='lat' dir='ltr'><strong>illa,</strong></span> <span class='ocrx_word' id='word_1_86' title='bbox 967 1327 1047 1386; x_wconf 78' lang='lat'><strong>⁴⁴¹)</strong></span> <span class='ocrx_word' id='word_1_87' title='bbox 1088 1329 1212 1376; x_wconf 89' lang='lat' dir='ltr'><strong>haec</strong></span> <span class='ocrx_word' id='word_1_88' title='bbox 1242 1329 1378 1375; x_wconf 86' lang='lat' dir='ltr'><strong>tertio</strong></span> <span class='ocrx_word' id='word_1_89' title='bbox 1410 1327 1500 1375; x_wconf 89' lang='lat' dir='ltr'><strong>de-</strong></span> 
     </span>
     <span class='ocr_line' id='line_1_14' title="bbox 134 1417 379 1464; baseline 0 -1"><span class='ocrx_word' id='word_1_90' title='bbox 134 1418 254 1464; x_wconf 84' lang='lat' dir='ltr'><strong>cimo</strong></span> <span class='ocrx_word' id='word_1_91' title='bbox 287 1417 379 1464; x_wconf 88' lang='lat' dir='ltr'><strong>die.</strong></span> 
     </span>
    </p>

    <p class='ocr_par' dir='ltr' id='par_1_6' title="bbox 136 1489 1515 2521">
     <span class='ocr_line' id='line_1_15' title="bbox 226 1489 1500 1565; baseline -0.001 -13"><span class='ocrx_word' id='word_1_92' title='bbox 226 1489 402 1565; x_wconf 40' lang='lat' dir='ltr'><strong>&#39;SciriS,</strong></span> <span class='ocrx_word' id='word_1_93' title='bbox 423 1518 544 1565; x_wconf 89' lang='lat' dir='ltr'><strong>quae</strong></span> <span class='ocrx_word' id='word_1_94' title='bbox 567 1504 724 1551; x_wconf 83' lang='lat' dir='ltr'><strong>modia</strong></span> <span class='ocrx_word' id='word_1_95' title='bbox 740 1510 924 1552; x_wconf 85' lang='lat' dir='ltr'><strong>aestate</strong></span> <span class='ocrx_word' id='word_1_96' title='bbox 940 1503 1307 1563; x_wconf 79' lang='lat' dir='ltr'><strong>celebrabantur,</strong></span> <span class='ocrx_word' id='word_1_97' title='bbox 1326 1517 1500 1564; x_wconf 86' lang='lat' dir='ltr'><strong>pompa</strong></span> 
     </span>
     <span class='ocr_line' id='line_1_16' title="bbox 139 1590 1500 1651; baseline 0 -15"><span class='ocrx_word' id='word_1_98' title='bbox 139 1593 196 1636; x_wconf 89' lang='lat' dir='ltr'><strong>ab</strong></span> <span class='ocrx_word' id='word_1_99' title='bbox 215 1606 323 1638; x_wconf 86' lang='lat' dir='ltr'><strong>arce</strong></span> <span class='ocrx_word' id='word_1_100' title='bbox 340 1592 399 1638; x_wconf 90' lang='lat' dir='ltr'><strong>ad</strong></span> <span class='ocrx_word' id='word_1_101' title='bbox 415 1591 569 1638; x_wconf 90' lang='lat' dir='ltr'><strong>locum</strong></span> <span class='ocrx_word' id='word_1_102' title='bbox 586 1590 820 1651; x_wconf 87' lang='lat' dir='ltr'><strong>quendam</strong></span> <span class='ocrx_word' id='word_1_103' title='bbox 839 1593 887 1637; x_wconf 90' lang='lat' dir='ltr'><strong>in</strong></span> <span class='ocrx_word' id='word_1_104' title='bbox 907 1591 986 1637; x_wconf 86' lang='lat' dir='ltr'><strong>via</strong></span> <span class='ocrx_word' id='word_1_105' title='bbox 1001 1590 1247 1637; x_wconf 86' lang='lat' dir='ltr'><strong>Eleusinia</strong></span> <span class='ocrx_word' id='word_1_106' title='bbox 1262 1590 1406 1637; x_wconf 86' lang='lat' dir='ltr'><strong>situm</strong></span> <span class='ocrx_word' id='word_1_107' title='bbox 1421 1591 1500 1637; x_wconf 91' lang='lat' dir='ltr'><strong>cui</strong></span> 
     </span>
     <span class='ocr_line' id='line_1_17' title="bbox 138 1658 1515 1741; baseline -0.001 -18"><span class='ocrx_word' id='word_1_108' title='bbox 138 1672 314 1741; x_wconf 82' lang='grc' dir='ltr'><strong><em>Σκίρος</em></strong></span> <span class='ocrx_word' id='word_1_109' title='bbox 328 1692 498 1725; x_wconf 90' lang='lat' dir='ltr'><strong>nomen</strong></span> <span class='ocrx_word' id='word_1_110' title='bbox 514 1678 615 1738; x_wconf 84' lang='lat' dir='ltr'><strong>fuit,</strong></span> <span class='ocrx_word' id='word_1_111' title='bbox 635 1676 779 1726; x_wconf 85' lang='lat' dir='ltr'><strong>ducta</strong></span> <span class='ocrx_word' id='word_1_112' title='bbox 794 1684 884 1724; x_wconf 89' lang='lat' dir='ltr'><strong>est.</strong></span> <span class='ocrx_word' id='word_1_113' title='bbox 923 1679 975 1722; x_wconf 88' lang='lat' dir='ltr'><strong>In</strong></span> <span class='ocrx_word' id='word_1_114' title='bbox 994 1691 1087 1737; x_wconf 88' lang='lat' dir='ltr'><strong>qua</strong></span> <span class='ocrx_word' id='word_1_115' title='bbox 1102 1676 1369 1736; x_wconf 78' lang='lat' dir='ltr'><strong>umbellam,</strong></span> <span class='ocrx_word' id='word_1_116' title='bbox 1386 1658 1515 1722; x_wconf 9' lang='grc' dir='ltr'><strong>σκί-ἤ</strong></span> 
     </span>
     <span class='ocr_line' id='line_1_18' title="bbox 136 1758 1497 1827; baseline 0 -17"><span class='ocrx_word' id='word_1_117' title='bbox 136 1778 232 1827; x_wconf 82' lang='grc' dir='ltr'><strong><em>ρον,</em></strong></span> <span class='ocrx_word' id='word_1_118' title='bbox 247 1762 320 1818; x_wconf 75' lang='lat'><strong>⁴⁵)</strong></span> <span class='ocrx_word' id='word_1_119' title='bbox 338 1758 545 1811; x_wconf 83' lang='lat' dir='ltr'><strong>tulerunt</strong></span> <span class='ocrx_word' id='word_1_120' title='bbox 560 1765 810 1810; x_wconf 88' lang='lat' dir='ltr'><strong>Minervae</strong></span> <span class='ocrx_word' id='word_1_121' title='bbox 825 1763 1048 1810; x_wconf 87' lang='lat' dir='ltr'><strong>Poleadis</strong></span> <span class='ocrx_word' id='word_1_122' title='bbox 1066 1763 1278 1810; x_wconf 84' lang='lat' dir='ltr'><strong>antistita</strong></span> <span class='ocrx_word' id='word_1_123' title='bbox 1293 1770 1341 1809; x_wconf 90' lang='lat' dir='ltr'><strong>et</strong></span> <span class='ocrx_word' id='word_1_124' title='bbox 1354 1763 1407 1810; x_wconf 94' lang='lat' dir='ltr'>N</span> <span class='ocrx_word' id='word_1_125' title='bbox 1408 1778 1497 1824; x_wconf 86' lang='lat' dir='ltr'><strong>ep-</strong></span> 
     </span>
     <span class='ocr_line' id='line_1_19' title="bbox 137 1849 1501 1910; baseline 0.001 -14"><span class='ocrx_word' id='word_1_126' title='bbox 137 1852 237 1910; x_wconf 84' lang='lat' dir='ltr'><strong>tuni</strong></span> <span class='ocrx_word' id='word_1_127' title='bbox 251 1851 504 1897; x_wconf 83' lang='lat' dir='ltr'><strong>Erechthei</strong></span> <span class='ocrx_word' id='word_1_128' title='bbox 525 1849 766 1910; x_wconf 81' lang='lat' dir='ltr'><strong>sacerdoS,</strong></span> <span class='ocrx_word' id='word_1_129' title='bbox 798 1856 994 1910; x_wconf 88' lang='lat' dir='ltr'><strong>uterque</strong></span> <span class='ocrx_word' id='word_1_130' title='bbox 1016 1863 1081 1896; x_wconf 86' lang='lat' dir='ltr'><strong>ex</strong></span> <span class='ocrx_word' id='word_1_131' title='bbox 1100 1849 1501 1897; x_wconf 84' lang='lat' dir='ltr'><strong>Eteobutadarum</strong></span> 
     </span>
     <span class='ocr_line' id='line_1_20' title="bbox 136 1935 1502 2001; baseline -0.001 -17"><span class='ocrx_word' id='word_1_132' title='bbox 136 1944 295 2000; x_wconf 86' lang='lat' dir='ltr'><strong>gente,</strong></span> <span class='ocrx_word' id='word_1_133' title='bbox 329 1937 496 1984; x_wconf 85' lang='lat' dir='ltr'><strong>comite</strong></span> <span class='ocrx_word' id='word_1_134' title='bbox 509 1935 636 1985; x_wconf 90' lang='lat' dir='ltr'><strong>Solis</strong></span> <span class='ocrx_word' id='word_1_135' title='bbox 654 1936 918 1984; x_wconf 84' lang='lat' dir='ltr'><strong>sacerdote.</strong></span> <span class='ocrx_word' id='word_1_136' title='bbox 979 1936 1251 1985; x_wconf 85' lang='lat' dir='ltr'><strong>Referenda</strong></span> <span class='ocrx_word' id='word_1_137' title='bbox 1268 1945 1344 1985; x_wconf 88' lang='lat' dir='ltr'><strong>est</strong></span> <span class='ocrx_word' id='word_1_138' title='bbox 1359 1936 1502 2001; x_wconf 86' lang='lat' dir='ltr'><strong>igitur</strong></span> 
     </span>
     <span class='ocr_line' id='line_1_21' title="bbox 136 2021 1499 2086; baseline 0.002 -16"><span class='ocrx_word' id='word_1_139' title='bbox 136 2026 256 2072; x_wconf 87' lang='lat' dir='ltr'><strong>haec</strong></span> <span class='ocrx_word' id='word_1_140' title='bbox 295 2023 584 2070; x_wconf 85' lang='lat' dir='ltr'><strong>sollemnitas</strong></span> <span class='ocrx_word' id='word_1_141' title='bbox 628 2022 689 2069; x_wconf 87' lang='lat' dir='ltr'><strong>ad</strong></span> <span class='ocrx_word' id='word_1_142' title='bbox 722 2021 942 2081; x_wconf 81' lang='lat' dir='ltr'><strong>solariam</strong></span> <span class='ocrx_word' id='word_1_143' title='bbox 973 2024 1225 2072; x_wconf 86' lang='lat' dir='ltr'><strong>Minervae</strong></span> <span class='ocrx_word' id='word_1_144' title='bbox 1268 2032 1499 2086; x_wconf 82' lang='lat' dir='ltr'><strong>naturam,</strong></span> 
     </span>
     <span class='ocr_line' id='line_1_22' title="bbox 138 2106 1499 2172; baseline 0.001 -17"><span class='ocrx_word' id='word_1_145' title='bbox 138 2106 283 2171; x_wconf 80' lang='lat' dir='ltr'><strong>qu&#39;are</strong></span> <span class='ocrx_word' id='word_1_146' title='bbox 307 2110 426 2156; x_wconf 89' lang='lat' dir='ltr'><strong>solis</strong></span> <span class='ocrx_word' id='word_1_147' title='bbox 443 2123 630 2169; x_wconf 89' lang='lat' dir='ltr'><strong>quoque</strong></span> <span class='ocrx_word' id='word_1_148' title='bbox 651 2108 881 2157; x_wconf 88' lang='lat' dir='ltr'><strong>sacerdos</strong></span> <span class='ocrx_word' id='word_1_149' title='bbox 901 2112 946 2157; x_wconf 90' lang='lat' dir='ltr'><strong>ei</strong></span> <span class='ocrx_word' id='word_1_150' title='bbox 966 2111 1188 2172; x_wconf 83' lang='lat' dir='ltr'><strong>interest3</strong></span> <span class='ocrx_word' id='word_1_151' title='bbox 1205 2127 1316 2159; x_wconf 88' lang='lat' dir='ltr'><strong>nam</strong></span> <span class='ocrx_word' id='word_1_152' title='bbox 1333 2118 1499 2158; x_wconf 87' lang='lat' dir='ltr'><strong>aesta-</strong></span> 
     </span>
     <span class='ocr_line' id='line_1_23' title="bbox 137 2184 1498 2245; baseline 0.002 -3"><span class='ocrx_word' id='word_1_153' title='bbox 137 2196 200 2242; x_wconf 88' lang='lat' dir='ltr'><strong>tis</strong></span> <span class='ocrx_word' id='word_1_154' title='bbox 228 2196 383 2242; x_wconf 84' lang='lat' dir='ltr'><strong>calore</strong></span> <span class='ocrx_word' id='word_1_155' title='bbox 414 2202 583 2242; x_wconf 89' lang='lat' dir='ltr'><strong>terram</strong></span> <span class='ocrx_word' id='word_1_156' title='bbox 601 2197 844 2243; x_wconf 87' lang='lat' dir='ltr'><strong>exsiccare</strong></span> <span class='ocrx_word' id='word_1_157' title='bbox 870 2184 1132 2245; x_wconf 59' lang='lat' dir='ltr'><strong>videbatur.</strong></span> <span class='ocrx_word' id='word_1_158' title='bbox 1194 2198 1360 2245; x_wconf 89' lang='lat' dir='ltr'><strong>Solum</strong></span> <span class='ocrx_word' id='word_1_159' title='bbox 1382 2213 1498 2245; x_wconf 86' lang='lat' dir='ltr'><strong>vero</strong></span> 
     </span>
     <span class='ocr_line' id='line_1_24' title="bbox 138 2274 1500 2346; baseline 0.004 -19"><span class='ocrx_word' id='word_1_160' title='bbox 138 2282 265 2328; x_wconf 86' lang='lat' dir='ltr'><strong>illius</strong></span> <span class='ocrx_word' id='word_1_161' title='bbox 296 2282 423 2329; x_wconf 90' lang='lat' dir='ltr'><strong>Sciri</strong></span> <span class='ocrx_word' id='word_1_162' title='bbox 453 2281 547 2328; x_wconf 91' lang='lat' dir='ltr'><strong>loci</strong></span> <span class='ocrx_word' id='word_1_163' title='bbox 575 2280 763 2329; x_wconf 86' lang='lat' dir='ltr'><strong>videtur</strong></span> <span class='ocrx_word' id='word_1_164' title='bbox 793 2274 854 2330; x_wconf 78' lang='lat' dir='ltr'><strong>e&#39;x</strong></span> <span class='ocrx_word' id='word_1_165' title='bbox 886 2284 994 2330; x_wconf 87' lang='lat' dir='ltr'><strong>alba</strong></span> <span class='ocrx_word' id='word_1_166' title='bbox 1020 2281 1098 2342; x_wconf 77' lang='lat'><strong>⁴⁶)</strong></span> <span class='ocrx_word' id='word_1_167' title='bbox 1143 2284 1344 2346; x_wconf 83' lang='lat' dir='ltr'><strong>quadam</strong></span> <span class='ocrx_word' id='word_1_168' title='bbox 1374 2293 1500 2333; x_wconf 84' lang='lat' dir='ltr'><strong>terra</strong></span> 
     </span>
     <span class='ocr_line' id='line_1_25' title="bbox 140 2360 1498 2435; baseline 0.004 -21"><span class='ocrx_word' id='word_1_169' title='bbox 140 2366 226 2431; x_wconf 81' lang='grc' dir='ltr'><strong>(γῆ</strong></span> <span class='ocrx_word' id='word_1_170' title='bbox 256 2360 493 2432; x_wconf 74' lang='grc' dir='ltr'><strong>σκιρζιᾰς)</strong></span> <span class='ocrx_word' id='word_1_171' title='bbox 526 2374 574 2415; x_wconf 91' lang='lat' dir='ltr'><strong>et</strong></span> <span class='ocrx_word' id='word_1_172' title='bbox 621 2370 760 2431; x_wconf 86' lang='lat' dir='ltr'><strong>gipso</strong></span> <span class='ocrx_word' id='word_1_173' title='bbox 801 2370 927 2418; x_wconf 88' lang='lat' dir='ltr'><strong>haud</strong></span> <span class='ocrx_word' id='word_1_174' title='bbox 970 2371 1173 2419; x_wconf 88' lang='lat' dir='ltr'><strong>absimili</strong></span> <span class='ocrx_word' id='word_1_175' title='bbox 1204 2373 1498 2435; x_wconf 75' lang='lat' dir='ltr'><strong>constitisse,</strong></span> 
     </span>
     <span class='ocr_line' id='line_1_26' title="bbox 142 2440 1498 2521; baseline 0.004 -20"><span class='ocrx_word' id='word_1_176' title='bbox 142 2468 232 2514; x_wconf 87' lang='lat' dir='ltr'><strong>qua</strong></span> <span class='ocrx_word' id='word_1_177' title='bbox 272 2463 323 2503; x_wconf 89' lang='lat' dir='ltr'><strong>et</strong></span> <span class='ocrx_word' id='word_1_178' title='bbox 363 2458 471 2517; x_wconf 86' lang='lat' dir='ltr'><strong>ipsa</strong></span> <span class='ocrx_word' id='word_1_179' title='bbox 512 2463 734 2517; x_wconf 87' lang='lat' dir='ltr'><strong>tanquam</strong></span> <span class='ocrx_word' id='word_1_180' title='bbox 776 2458 1033 2516; x_wconf 73' lang='lat' dir='ltr'><strong>aretudinis</strong></span> <span class='ocrx_word' id='word_1_181' title='bbox 1065 2440 1291 2521; x_wconf 84' lang='lat' dir='ltr'><strong>symbolo</strong></span> <span class='ocrx_word' id='word_1_182' title='bbox 1311 2460 1498 2507; x_wconf 87' lang='lat' dir='ltr'><strong>obline-</strong></span> 
     </span>
    </p>
   </div>
   <div class='ocr_carea' id='block_1_5' title="bbox 140 2543 1495 2668">
    <p class='ocr_par' dir='ltr' id='par_1_7' title="bbox 140 2543 1495 2668">
     <span class='ocr_line' id='line_1_27' title="bbox 140 2543 1495 2608; baseline 0.002 -19"><span class='ocrx_word' id='word_1_183' title='bbox 140 2544 249 2589; x_wconf 80' lang='lat' dir='ltr'><strong>bant</strong></span> <span class='ocrx_word' id='word_1_184' title='bbox 288 2544 536 2592; x_wconf 85' lang='lat' dir='ltr'><strong>Minervae</strong></span> <span class='ocrx_word' id='word_1_185' title='bbox 578 2543 791 2592; x_wconf 85' lang='lat' dir='ltr'><strong>Sciradis</strong></span> <span class='ocrx_word' id='word_1_186' title='bbox 833 2552 1033 2594; x_wconf 86' lang='lat' dir='ltr'><strong>statuam</strong></span> <span class='ocrx_word' id='word_1_187' title='bbox 1065 2544 1230 2608; x_wconf 86' lang='lat' dir='ltr'><strong>(cujus</strong></span> <span class='ocrx_word' id='word_1_188' title='bbox 1271 2547 1495 2607; x_wconf 80' lang='lat' dir='ltr'><strong>templum</strong></span> 
     </span>
     <span class='ocr_line' id='line_1_28' title="bbox 1189 2622 1466 2668; baseline 0.004 -1"><span class='ocrx_word' id='word_1_189' title='bbox 1189 2625 1204 2635; x_wconf 81' lang='lat'><em>&#39;</em></span> <span class='ocrx_word' id='word_1_190' title='bbox 1360 2622 1466 2668; x_wconf 89' lang='lat' dir='ltr'><strong>sive</strong></span> 
     </span>
    </p>
   </div>
  </div>
 </body>
</html>
