1617 3035
117 431 276 494 Quam
322 449 423 484 rem
470 451 586 508 vero
626 437 810 492 Persae
858 440 998 488 ulturi
1043 445 1188 501 atque
1235 437 1491 488 Mausolus

116 519 333 571 Graecas
371 523 555 574 insulas
591 532 905 575 vexaverunt.
951 524 1027 585 ⁸⁹)
1098 528 1238 576 Hanc
1276 527 1340 576 ob
1369 539 1493 579 cau-

116 618 226 657 sani
252 611 604 672 Athenienses,
652 625 864 675 quorum,
881 613 975 659 hae
1007 612 1232 660 auxilium
1260 615 1491 676 implora-

115 697 243 763 bant,
275 699 338 747 ad
365 683 640 747 Mausolum
670 699 795 762 illos,
829 713 950 761 quos
972 699 1089 762 dixi,
1120 700 1307 763 legatos
1333 715 1491 749 rerum

114 785 476 846 repetundarum
502 799 654 836 causa
677 786 810 836 haud
840 788 986 835 multo
1004 794 1115 835 ante
1135 787 1224 835 sub
1244 786 1372 836 idem
1390 788 1492 836 fere

113 879 308 933 tempus
326 873 573 936 miserunt,
590 870 731 935 quam
748 883 892 935 quum
909 858 1266 927 Demosthenes
1280 875 1494 926 oratione

114 956 232 1023 περὶ
248 959 530 1024 συμμοριῶν
540 961 773 1008 habuerit.
806 961 963 1020 (Nam
976 974 1120 1020 quum
1129 962 1223 1009 hac
1233 948 1493 1021 orationeni

113 1045 471 1108 Athenienses,
513 1063 575 1095 ne
612 1047 786 1097 bellum
818 1055 982 1096 contra
1013 1062 1180 1107 regem
1212 1046 1496 1107 suscipiant,

107 1133 415 1197 dehortetur,
455 1134 576 1183 nihil
614 1135 927 1184 verisimilius
968 1138 1073 1193 est,
1124 1145 1267 1192 quam
1307 1133 1500 1194 legatos

117 1236 147 1268 a
191 1228 385 1283 satrapa
427 1223 551 1270 male
598 1226 831 1281 exceptos
871 1219 992 1265 nihil
1037 1218 1262 1265 effecisse
1297 1224 1349 1265 et
1388 1217 1500 1266 ideo

115 1309 444 1356 Athenienses
454 1309 627 1355 bellum
638 1306 876 1354 adversus
888 1320 1053 1369 regem
1060 1304 1286 1365 jussuros
1296 1303 1498 1364 fuisse.)

79 1420 81 1422 ·
117 1399 280 1456 ltaque
311 1394 490 1457 legatio
522 1394 570 1441 in
602 1407 776 1441 annum
800 1391 911 1453 354,
944 1406 1037 1453 quo
1068 1392 1176 1440 haec
1208 1390 1328 1456 περὶ
1361 1405 1498 1452 συμ-

117 1479 302 1548 μοριῶν
333 1480 485 1528 oratio
513 1480 679 1530 habita
709 1481 800 1543 sit,
832 1480 1053 1528 inciderit
1083 1493 1291 1532 necesse
1323 1487 1499 1528 est·—

118 1570 269 1631 Atqui
299 1575 426 1617 teste
452 1569 754 1617 Timocraten
782 1583 896 1630 pag.
913 1538 1201 1614 964-’7ὈὸΓ
1221 1567 1374 1630 legati
1405 1566 1501 1614 ali-

118 1663 236 1719 quot
267 1654 439 1704 diebus
471 1663 583 1704 ante
613 1657 707 1704 XII
734 1656 1189 1717 Hecatombaeonis‚
1219 1669 1313 1716 quo
1333 1656 1499 1702 'fimo-

118 1751 279 1793 cratea
301 1744 383 1791 lex
409 1744 659 1804 ferebatur,
692 1745 1071 1792 subornaverunt
1098 1735 1223 1787 κατα
1253 1735 1335 1801 τήν
1366 1733 1496 1800 ἄγο-

119 1824 209 1896 (miv
233 1822 542 1892 λογοποιούς,
575 1823 657 1882 aig?
675 1823 824 1882 ἁπλοῖ
851 1820 938 1886 μέν
971 1826 1174 1886 (legati)
1206 1820 1330 1871 εἰσιν
1351 1819 1490 1870 ἕτοι-

120 1933 207 1978 μοι
237 1909 298 1964 τοὶ
330 1906 553 1980 χρήματα
583 1914 736 1974 (quae
774 1914 955 1960 aerario
987 1908 1240 1970 deberent)
1272 1896 1487 1966 §nivem

122 2002 279 2053 διπλᾶ
312 1999 393 2059 δὲ,
428 1993 488 2047 οὗ
519 1991 816 2063 δυνήσονται.
880 1999 1079 2047 Constat
1100 2011 1216 2046 vero
1247 1998 1292 2045 si
1325 1999 1372 2043 in
1392 2010 1484 2042 no-

121 2108 232 2142 nam
257 2090 539 2154 ‚prytaniam
581 2088 763 2136 aerario
809 2086 1036 2135 debentes
1076 2100 1168 2135 non
1205 2083 1485 2142 solvissent,

121 2180 252 2242 dupli
292 2176 595 2226 condemnari
636 2188 749 2222 esse
786 2174 969 2221 solitos.
1031 2171 1207 2235 Legati
1237 2177 1393 2217 autem
1424 2182 1485 2216 ex

121 2281 245 2319 anno
275 2264 371 2312 354
402 2264 640 2313 debitores
669 2262 824 2310 fuisse
863 2258 1090 2308 vidimus.
1152 2257 1265 2306 Ideo
1297 2264 1345 2304 et
1375 2269 1484 2303 ser-

91 2386 94 2388 ,
121 2368 291 2402 mones
325 2356 448 2400 istos
489 2350 888 2402 circumforaneos
933 2353 983 2394 et
1013 2347 1168 2407 ipsam
1210 2345 1364 2405 legem
1394 2340 1484 2388 Τί-

122 2446 411 2489 mocrateam
442 2434 817 2487 concludendum
856 2441 932 2482 est
970 2435 1019 2481 in
1051 2446 1221 2480 annum
1252 2427 1346 2475 353
1377 2430 1487 2503 sive

124 2530 315 2594 Olymp.
348 2525 466 2590 106,
499 2526 545 2574 4.
578 2523 837 2585 incidisse3
885 2528 935 2570 et
966 2520 1089 2569 hanc
1120 2516 1178 2566 ob
1210 2531 1308 2566 rem
1342 2528 1489 2565 acce-

126 2619 266 2667 dente
299 2615 539 2676 *Dionysii
587 2613 766 2665 diserto
822 2606 1090 2659 testimonio
1134 2605 1487 2664 Panathenaea,
1575 2618 1578 2622 ’
