1617 3035
768 203 838 256 12

126 343 174 382 et
206 328 366 395 χθών)
408 339 558 378 terrae
590 327 710 374 deus
742 321 1168 388 primarumque‘et
1199 320 1490 387 publicarum

126 430 174 469 et
216 418 575 468 domesticarum
617 415 986 476 institutionum,
1017 413 1242 459 Minerva
1274 414 1490 471 docente,

125 514 307 568 auctor,
347 517 487 565 quem
527 526 590 534 -—
620 508 792 549 terram
824 501 1014 547 scilicet
1041 521 1105 534 ·-·
1134 499 1244 546 illae
1275 500 1491 547 nutrien-
1535 554 1538 556 ,

124 592 234 639 dum
264 588 649 650 educandumque
680 579 981 648 acceperuut.
1020 585 1067 645 ³)

217 676 579 739 Progrediamur
631 673 692 722 ad
735 674 1030 734 singulorum
1043 707 1058 737 ,
1112 675 1193 735 qui
1241 674 1492 721 Minervae

125 765 433 830 agitabantur,
464 760 643 809 dierum
673 762 903 808 festorum
941 761 1304 808 enarrationem.

215 852 311 899 Per
334 850 572 898 auctumni
596 857 784 911 tempus
816 847 895 912 iis,
926 862 1049 910 quae
1081 847 1305 909 diximus,
1337 847 1493 894 nullas

124 941 371 988 Minervae
395 939 540 985 ferias
567 938 648 1000 agi
666 943 1037 984 consentaneum
1058 942 1149 984 est.
1210 936 1369 983 Etiam
1396 948 1494 980 una

123 1029 304 1071 tantum
326 1025 374 1069 in
397 1022 536 1069 fastis
558 1024 851 1082 reperiuntur
872 1020 1109 1082 Χαλυεῖα,
1141 1021 1493 1084 Pyanepsionis
1553 1058 1555 1062 ,

125 1111 286 1157 ultimo
318 1109 394 1156 die
426 1108 684 1167 celebrata3
717 1120 838 1168 quae
871 1108 1093 1168 antiquae
1124 1108 1271 1159 feriae
1305 1110 1493 1158 Miner·
1572 1127 1575 1129 ·

123 1209 215 1242 vae
248 1208 356 1242 cum
382 1195 614 1257 Vulcano,
649 1195 728 1241 cui
750 1196 1052 1255 potissimum
1077 1200 1211 1243 erant
1231 1195 1493 1258 dedicatae,

124 1296 398 1330 communes
444 1283 646 1329 filerunt.
733 1282 864 1328 Nam
903 1283 1026 1329 inter
1064 1289 1310 1342 utrumque
1354 1282 1494 1329 deum

122 1367 426 1416 necessitudo
470 1367 704 1429 quaedam
738 1368 1000 1429 intercedit,
1033 1369 1207 1430 quippe
1238 1384 1381 1431 quum
1413 1371 1494 1417 in-

123 1456 449 1519 geniosiorum
491 1456 658 1502 artium
697 1456 900 1503 antistes
950 1456 1195 1514 Minerva,
1245 1447 1494 1503 Vulcanus

126 1542 345 1604 opificum
363 1540 517 1588 fuerit.
579 1542 716 1588 Hanc
749 1542 809 1588 ob
839 1555 941 1587 rem
971 1540 1127 1588 festus
1158 1541 1276 1609 dies
1295 1542 1353 1588 ab
1387 1544 1494 1603 opi-

125 1629 298 1676 ficibus
331 1629 378 1673 in
410 1628 667 1687 primisque
697 1627 843 1673 fabris
866 1628 1075 1674 ferrariis
1107 1630 1371 1675 celebratus
1403 1636 1495 1688 est,

127 1723 175 1765 et
215 1729 359 1776 quum
398 1714 524 1762 Urbs
557 1715 747 1773 antiquo
788 1721 999 1774 tempore
1030 1714 1089 1762 ab
1122 1716 1379 1776 opificibus
1404 1731 1495 1776 po-

125 1801 365 1850 tissimum
406 1798 616 1848 habitata
647 1813 759 1846 esse
790 1798 1032 1863 videatur,
1072 1803 1199 1849 omni
1230 1803 1401 1864 populo
1432 1803 1496 1850 ad

125 1888 365 1952 agendum
382 1902 491 1933 eum
509 1876 833 1949 conveniente,
864 1877 1120 1954 ποένδημος
1136 1891 1417 1950 appellatus.
1441 1889 1494 1950 ⁴¹)

125 1975 384 2037 Rediitque
416 1974 509 2022 hac
552 1974 849 2022 solemnitate
883 1974 931 2020 in
960 1976 1270 2037 memoriam,
1318 1979 1497 2039 primos

122 2060 479 2125 AthenienseS,
518 2076 547 2107 a
578 2063 792 2110 Vulcano
823 2062 1088 2126 institutos,
1128 2077 1215 2110 aes
1241 2064 1497 2112 fabricatos

124 2163 241 2199 esse
278 2150 525 2210 ipsumque
565 2149 702 2197 deum
733 2152 782 2196 in
815 2165 976 2197 eorum
1009 2158 1135 2197 terra
1163 2150 1379 2198 laborare
1411 2166 1496 2199 so-

122 2237 238 2288 lere.
277 2233 324 2292 ⁵)
387 2235 468 2284 Ad
499 2236 764 2284 Minervam
795 2253 911 2287 vero
943 2237 1192 2299 pertinuit,
1224 2237 1378 2297 ipsius
1410 2253 1496 2285 sa·-

106 2322 344 2373 vcerdotes
386 2338 494 2371 cum
535 2324 820 2392 &stephoris
862 2326 957 2372 hoc
999 2325 1076 2372 die
1114 2325 1304 2385 peplum
1335 2326 1497 2372 Pana-

126 2409 394 2459 thenaicum
421 2420 585 2461 texere
618 2412 852 2475 incipere,
886 2413 945 2461 de
965 2427 1056 2475 qua
1074 2427 1125 2458 re
1151 2419 1310 2459 tamen
1331 2418 1499 2472 postea

128 2498 433 2548 disseramus.
474 2500 522 2558 ⁶)
