1617 3035
779 186 854 242 32

131 308 441 371 θάνεςψθαι
471 312 686 360 solebant
705 311 898 370 ludique
919 303 1087 369 Pythii
1108 308 1390 371 agebantur.
1426 305 1500 362 ⁰³)

131 405 316 452 Nomae
354 400 557 448 similem
598 411 784 459 quoque
816 395 1049 443 ducamus
1082 408 1280 449 causam
1310 395 1506 454 adesse,

129 503 212 537 cur
229 487 525 537 Macedones
549 485 643 532 Dio
673 483 844 547 mensi,
858 524 859 527 ,
875 482 1136 546 Corcyraei
1156 481 1410 537 Artemitio
1430 481 1504 539 ⁶4)

128 576 362 623 Corinthii
389 574 616 631 Panemo,
649 579 698 618 et
728 572 1016 621 auctumnali
1045 578 1254 631 tempore
1280 569 1507 629 Spartani

127 676 300 710 annum
342 660 617 722 inceperint.
679 658 788 706 Nee
818 659 946 706 levis
978 657 1123 726 igitur
1154 657 1382 704 momenti
1412 670 1506 718 po-

128 756 222 798 test
254 762 384 811 esse,
417 748 475 794 ab
506 748 758 794 Minervae
789 745 1282 807 potissimumnmensi
1312 745 1504 794 Attico-

126 851 228 884 rum
260 849 433 882 annum
464 835 742 896 principium
780 848 970 895 capere.
1008 831 1081 887 ⁶⁵)

221 922 379 981 Quum
421 907 539 970 ¹vero
580 923 802 969 Minerva
832 920 1202 968 Atheniensium
1232 920 1426 981 propria
1456 927 1505 969 et

127 1010 392 1058 domestica
428 1008 499 1064 ⁶⁶]
532 1008 630 1062 deav
652 1015 810 1071 esset,
850 1007 957 1070 ejus
987 1008 1135 1055 feriae
1166 1009 1314 1055 totius
1344 1008 1505 1069 populi

79 1116 83 1119 ·
128 1098 531 1145 consociationem
541 1097 1016 1157 conciliationemque
1033 1109 1263 1156 renovare
1278 1102 1505 1157 perpetuo

128 1191 175 1231 et
205 1191 492 1242 restaurare,
525 1197 735 1231 amorem
750 1184 932 1245 patriae
959 1197 1140 1245 augere
1158 1189 1302 1243 atque
1327 1183 1506 1243 publici

125 1270 318 1319 honoris
363 1276 411 1317 et
454 1270 764 1317 excellentiae
806 1277 873 1318 etv
895 1284 1052 1317 rerum
1090 1284 1120 1316 a
1151 1270 1323 1330 populo
1342 1259 1504 1330 sprae-

122 1358 249 1405 clare
281 1362 528 1417 gestarum
550 1357 830 1404 memoriam
861 1371 1093 1404 renovare
1124 1363 1173 1404 et
1204 1356 1393 1403 omnino
1424 1356 1504 1403 in-

124 1444 319 1505 genium
369 1442 548 1489 nationi
598 1445 835 1505 proprium
885 1457 1082 1491 servare
1124 1443 1504 1491 Atheniensibus

127 1537 240 1577 sunt
281 1530 436 1578 visae.
474 1529 546 1584 ⁰⁷)
624 1531 696 1578 Ob
741 1544 849 1577 eam
880 1531 1149 1590 politicam,
1182 1544 1304 1590 quae
1335 1531 1503 1576 Pana-

127 1617 346 1663 thenaeis
369 1618 512 1678 inest,
544 1617 959 1677 significationem,
991 1617 1054 1663 iis
1081 1616 1363 1677 conjunctus
1388 1631 1503 1664 esse

126 1710 207 1749 aut
239 1703 451 1763 proxime
482 1704 719 1763 praeiisse
751 1703 941 1751 videtur
972 1704 1077 1751 dies
1104 1704 1275 1768 festus,
1299 1704 1504 1751 Theseo

124 1803 278 1849 sacer,
311 1784 556 1847 Συνοίκια,
597 1791 769 1850 quibus
810 1791 1036 1838 memoria
1078 1790 1328 1838 duodecim
1368 1791 1503 1838 Atti-

125 1891 211 1925 cae
243 1879 535 1938 antiquorum
568 1880 845 1939 populorum
878 1879 928 1925 in
951 1892 1094 1925 unam
1126 1880 1291 1927 urbem
1322 1892 1503 1927 conso-

124 1963 350 2013 ciaturum
392 1966 712 2027 repetiebatur
741 1991 805 1999 --
842 1981 872 2013 a
904 1980 999 2028 qua
1031 1967 1221 2015 demum
1252 1982 1304 2014 re
1335 1967 1502 2013 Pana·-

125 2052 331 2099 thenaea
348 2054 455 2112 ipsa
488 2055 741 2100 omnium
771 2054 1143 2103 Atheniensium
1160 2052 1500 2102 sollemnitatis

127 2153 302 2186 nomen
357 2141 611 2201 accepisse
655 2139 889 2190 dicuntur.
969 2141 1202 2203 Ejusdem
1244 2141 1316 2189 rei
1355 2154 1507 2190 causa

125 2241 215 2272 non
261 2227 412 2272 solum
455 2227 645 2274 Atticae
692 2236 847 2277 terrae
895 2243 1064 2277 omnes
1114 2229 1299 2276 incolae
1349 2229 1504 2277 sacris

126 2314 455 2374 interfuerunt,
489 2313 579 2361 sed
609 2317 820 2364 coloniae
853 2331 1043 2378 quoque
1078 2316 1320 2366 solemnes
1351 2316 1415 2366 ad
1443 2329 1506 2365 ea

127 2402 405 2454 celebranda
448 2402 718 2465 legationes
760 2404 1005 2452 miserunt.
1069 2402 1150 2451 Ad
1190 2405 1284 2453 hoc
1314 2420 1377 2452 ex
1407 2408 1507 2451 tota

132 2483 339 2534 Graecia
368 2504 572 2552 magnus
605 2489 849 2538 hominum
880 2505 1104 2541 numerus
1137 2492 1394 2551 confluxit3
1429 2487 1504 2545 ⁶⁸)
