1617 3035
782 197 914 274 29*

134 318 184 366 in
204 332 366 368 arcem
381 320 709 385 procederent,
733 324 801 378 ita
830 331 883 371 ut
916 322 1039 371 deae
1071 335 1217 370 unum
1248 319 1432 383 grande
1454 335 1512 367 ae

134 407 310 455 vivens
352 409 599 456 artificium
640 417 738 459 tota
768 412 941 459 civitas
975 411 1203 458 exhibere
1232 399 1513 457 videretur?

226 496 297 543 Ita
344 498 432 544 arti
479 498 807 559 potissimum,
871 511 995 556 quae
1037 496 1156 542 deae
1197 496 1510 543 dilectissima

134 586 385 646 occupatio
404 590 496 647 est,
523 583 864 631 Panathenaea
886 583 1109 631 dedicata.
1141 588 1268 645 sunt,
1301 589 1351 629 et
1382 579 1508 642 quod

133 671 261 718 aliud
294 671 564 718 celebrandi
595 685 748 734 genus
775 678 936 732 potest
968 671 1162 734 dignius
1186 668 1515 731 essepopulo,

127 756 215 817 vqui
235 759 350 803 artis
374 758 463 804 fuit
485 765 581 804 tam
604 759 976 805 amantissimus.
1026 758 1355 805 Offerebantur
1377 756 1515 818 deae,

134 857 258 906 quae
279 844 447 892 artifex
470 846 628 905 quieto
651 846 746 892 otio
767 835 1121 908 procreaverat,
1153 857 1246 892 nec
1276 844 1515 904 pulcriore

133 930 214 980 hio
225 931 391 979 donari
407 932 618 994 praemio
631 929 897 996 videbatur,
916 946 1056 994 quam
1074 931 1199 993 quod
1215 932 1372 993 ipsius
1394 945 1516 992 ope-

133 1007 266 1067 riBus
280 1019 504 1080 Virginis
525 1019 674 1067 feriae
689 1020 1046 1083 ‘illustrarentur
1068 1025 1520 1078 exornarenturque.
1569 1085 1572 1088 Δ

133 1106 199 1154 Ut
229 1105 457 1153 Minerva
488 1122 550 1153 ex
579 1107 727 1154 Jovis
759 1108 933 1171 capite,
966 1107 1034 1154 ita
1064 1107 1263 1154 artificis
1294 1119 1520 1167 procrea·-

134 1192 290 1239 tiones
312 1208 373 1239 ex
406 1194 571 1239 intimo
604 1187 797 1256 ingenio
818 1194 1065 1255 prodeunt.
1129 1193 1205 1240 Ab
1226 1194 1389 1240 altiore
1409 1192 1518 1251 loco

133 1279 359 1326 oriundae
392 1287 518 1342 sunt,
550 1294 641 1327 nec
672 1282 798 1327 aliud
832 1283 1082 1342 quicquam
1114 1280 1207 1349 sihi
1238 1288 1518 1343 proponunt7

133 1380 276 1429 quam
293 1373 345 1413 ut
365 1362 540 1428 gaudio
573 1367 824 1431 oblectent,
857 1367 1039 1431 ingenii
1064 1369 1360 1429 plenissimo.
1408 1369 1517 1414 Nec

133 1454 272 1504 aliter
303 1461 445 1515 atque
477 1468 557 1502 ars
591 1456 796 1504 detrahit
825 1458 1067 1504 hominem
1090 1472 1118 1504 a
1139 1457 1343 1503 terrenis
1374 1456 1517 1502 rebus

133 1529 521 1605 daemonicisque
527 1543 796 1592 seriantium
805 1545 991 1593 animus
1004 1544 1064 1593 ad
1074 1545 1237 1592 altiora
1248 1543 1517 1592 efferendus

134 1637 253 1679 erat.
300 1630 505 1678 Pulchri*
521 1644 655 1693 vero,
689 1645 781 1693 quo
814 1631 986 1693 spiritu
1009 1631 1347 1679 Panathenaea
1379 1630 1514 1677 cele-

133 1716 342 1765 brandae
375 1719 488 1776 sint,
520 1719 732 1763 innutum
758 1726 833 1764 est
857 1719 1057 1763 candido
1090 1719 1393 1777 vestimento,
1419 1730 1512 1776 quo

133 1800 347 1851 indutum
364 1815 480 1851 esse
496 1818 580 1864 per
595 1803 684 1850 hos
704 1802 809 1851 dies
826 1804 1120 1852 sollemniter
1136 1804 1374 1851 sancitum
1396 1811 1512 1853 erat.

228 1890 335 1949 Quo
348 1891 457 1936 anni
475 1896 634 1937 autem
652 1898 862 1952 tempore
879 1891 973 1938 hae
993 1891 1142 1938 feriae
1164 1891 1334 1953 peragi
1351 1891 1509 1951 aptius

134 1983 410 2042 potuerunt7
460 1993 600 2040 quam
643 1981 750 2040 ipsa
791 1977 951 2027 media
992 1975 1216 2027 aestate?
1290 1979 1512 2026 Minerva

135 2066 276 2130 virgo
307 2064 399 2113 dea
430 2065 683 2129 ingeniosa
715 2072 763 2112 et
794 2066 955 2127 quieta
987 2074 1091 2132 est,
1123 2050 1270 2129 supra
1301 2065 1509 2113 effrena-

135 2161 236 2202 tum
289 2154 603 2215 cupiditatum.
640 2153 877 2214 ardorem,
912 2168 1057 2215 supra
1095 2156 1309 2216 corporis
1341 2154 1512 2212 volup-

136 2246 261 2288 tates
289 2241 440 2301 elata3
481 2243 699 2288 Titanum
731 2241 908 2289 Terrae
939 2241 1143 2290 filiorum
1173 2243 1272 2289 vim
1304 2239 1514 2286 tenebri-

136 2339 298 2376 cosam
338 2329 607 2391 superavit3
660 2327 877 2394 doloreS‚
929 2329 1224 2391 anxietates7
1271 2339 1514 2375 moerores

136 2417 279 2473 alieni
320 2418 378 2464 ab
426 2430 485 2464 ea
525 2424 661 2476 sunt3
709 2431 819 2464 nam
862 2431 1034 2466 serena
1075 2423 1253 2463 tantum
1298 2415 1391 2463 dea
1422 2422 1515 2476 est,

137 2504 317 2575 ingenii
347 2517 465 2555 vera
492 2511 619 2571 nata,
650 2504 700 2555 in
730 2505 880 2553 vitam
917 2492 1107 2553 inducta
1131 2502 1311 2565 poesis.
