1617 3035
760 244 833 300 39

111 387 147 416 α
179 364 265 414 καὶ
306 366 519 433 μεγαλα,
566 377 614 417 at
645 372 803 417 minus
845 379 1065 417 accurate
1105 371 1382 432 loquentem
1423 372 1490 418 ita

112 457 383 519 intelligas,
418 465 642 518 tanquam
677 460 722 504 si
756 466 921 518 quarto
954 473 1139 518 quoque
1171 474 1296 510 anno
1327 462 1488 511 mino-

109 558 215 591 rum
256 545 371 593 loeo
420 545 519 593 sint
570 543 748 602 majora
797 545 1053 590 celebrata.
1128 546 1256 592 Nam
1304 542 1486 597 rectum

110 632 397 692 Anonymus
436 632 487 681 in
516 643 668 678 annos
695 628 772 677 71.
806 628 979 687 allatu-s
1013 632 1192 693 innuit,
1236 635 1319 691 qui
1349 634 1486 681 vocis

108 712 354 783 τριετηρίς
383 717 648 768 ,insolitiore
676 717 950 780 significata
982 733 1096 765 esse
1129 734 1249 766 usus
1283 716 1489 779 videtur,

113 806 211 853 nisi
241 821 357 853 vero
392 807 542 856 obiter
573 789 769 868 tantum,
801 813 854 856 ut
884 805 1049 854 videre
1082 808 1211 870 licet,
1243 822 1343 855 rem
1376 814 1488 855 tan-

109 908 234 956 gens
267 894 405 942 trium
437 893 878 961 Panathenaeorum
910 895 1156 956 minorum,
1206 909 1328 955 quae
1356 909 1486 954 qua-

108 981 223 1033 libet
235 979 521 1046 Olympiade
539 972 817 1043 agebantur,
838 997 1084 1031 numerum
1109 996 1218 1029 cum
1242 980 1486 1033 trieteride

111 1069 413 1130 permutavit.
487 1070 652 1127 Itaque
695 1069 939 1115 Boeckhio
982 1069 1243 1128 assentior,
1296 1069 1380 1127 qui
1439 1068 1489 1118 in

109 1156 256 1216 Corp.
287 1158 437 1205 Inscr.
469 1168 582 1215 pag.
611 1153 734 1200 1176
765 1155 826 1201 ad
856 1156 1215 1216 inscriptionem
1244 1155 1407 1204 votam
1440 1156 1489 1202 in

109 1257 204 1304 qua
222 1242 517 1302 Quaestores
539 1241 727 1287 Aerarii
746 1241 1012 1290 'Minervae
1044 1244 1254 1291 rationes
1284 1242 1488 1291 reddere

35 1328 37 1330 ’
109 1326 164 1381 ἐκ
179 1324 541 1393 Παναθηναίων
565 1324 640 1382 εἰς
664 1319 995 1392 Παναθήναια
1004 1332 1253 1388 jubentur:
1287 1331 1486 1392 „Panap

108 1419 331 1481 thenaea,
362 1417 529 1488 inquit,
561 1431 652 1463 neo
684 1415 864 1476 majora
895 1431 986 1463 nee
1017 1419 1201 1465 minora
1233 1418 1484 1479 speciatim

108 1507 340 1567 intellige,
373 1506 459 1555 sed
487 1504 829 1553 Panathenaea
859 1505 1140 1565 generatim,
1172 1518 1297 1564 quae
1334 1513 1408 1552 ter
1438 1506 1488 1552 in

108 1593 421 1654 quadriennio
452 1594 637 1639 minora
669 1598 796 1652 sunt,
845 1593 997 1638 semel
1027 1591 1222 1655 majora,
1253 1607 1365 1643 nam
1398 1607 1489 1640 an-

108 1693 232 1727 nuae
264 1685 376 1726 sunt
408 1655 632 1740 rationes,
665 1678 726 1724 de
760 1691 854 1737 quo
888 1676 1091 1725 dubitari
1120 1693 1216 1725 non
1246 1686 1488 1739 potest.—

107 1753 181 1816 Ἐκ
204 1762 569 1829 Παναθηναίων
596 1762 651 1819 ἐς
675 1754 1009 1826 Παναθήναια
1038 1779 1132 1810 non
1163 1772 1324 1825 potest
1355 1767 1484 1813 aliud

109 1854 400 1918 significare,
434 1867 576 1912 quam
608 1867 671 1898 ex
701 1845 1017 1912 quibusvis
1049 1851 1391 1905 Panathenaea
1422 1852 1483 1907 ad

109 1942 399 2004 quaevis:
434 1953 556 1999 quae
588 1952 733 1999 quum
758 1941 1011 2000 quotannis
1042 1940 1267 2004 redirent,
1300 1941 1346 1987 si
1379 1941 1483 1988 sola

109 2028 289 2088 majora
321 2027 710 2089 intelligerentur,
751 2027 1034 2078 necessario
1072 2026 1324 2073 dicendum
1356 2034 1478 2073 erat:

110 2111 167 2164 ἐκ
189 2107 549 2178 Παναθηναίων
575 2111 667 2159 τῶν
681 2102 907 2177 μεγάλων
927 2120 1021 2160 eto.
1046 2121 1099 2161 ut
1117 2115 1483 2183 perspioeretur,

109 2218 203 2250 non
240 2203 478 2250 numerari
521 2203 728 2265 minora,
772 2202 1026 2262 quotannis
1076 2199 1350 2264 redeuntia,
1392 2201 1481 2247 sed

108 2292 357 2353 praeteriri
397 2291 517 2338 haee
558 2296 700 2350 atque
741 2303 909 2350 usque·
935 2289 997 2337 ad
1028 2302 1204 2351 magna
1234 2288 1480 2336 Panathe-

108 2392 230 2429 naea
271 2378 448 2425 differri
488 2373 740 2429 rationes.“
803 2378 967 2437 Atque
1010 2376 1130 2423 duas
1160 2376 1351 2425 omnino
1383 2382 1480 2422 tam

108 2477 311 2527 magnas
328 2471 519 2525 tamque
537 2470 846 2525 sumptuosas
861 2465 1006 2513 ferias
1023 2477 1115 2510 uno
1135 2476 1259 2509 anno
1281 2460 1483 2515 eodem-

110 2566 208 2612 que>
230 2565 412 2602 mense
450 2551 712 2611 (utrasque
763 2552 890 2601 enim
941 2551 988 2596 in
1020 2550 1482 2601 Hecatombaeoneni
