1617 3035
784 243 859 299 35

134 372 305 416 cantus
350 369 631 430 musicaque
678 372 975 417 excoleretur
1017 377 1066 417 et
1108 368 1338 416 universa
1382 368 1513 416 vitae

130 456 250 503 ratio
282 462 329 504 et
359 458 632 504 constitutio
662 457 908 504 delicatior
937 457 1294 519 elegantiorque
1326 454 1514 502 evade-

130 550 228 602 ret3
252 543 446 604 jubente
469 552 697 603 tempore,
730 545 867 604 rimu,
900 545 1214 591 caerimonias
1234 551 1283 591 et
1308 544 1510 590 sollem-

120 622 206 679 ⁸nia
236 640 374 680 aucta
407 638 456 678 et
489 626 779 691 amplificata
810 635 873 695 a}
893 631 1325 677 omnemseriarum
1357 644 1510 692 appa-

126 725 278 767 ratum
303 719 701 779 sumptuosiorem
716 732 776 764 ac
791 717 1161 780 splendidiorem
1182 731 1297 764 esse
1318 717 1510 763 factam.

220 806 333 853 Jam
358 807 596 854 Homerus
613 808 661 853 in
685 809 879 853 navium
903 809 1120 869 catalogo
1141 811 1244 861 (vs.
1272 803 1368 850 546
1389 808 1509 859 ect.)

125 891 185 939 de
195 894 402 941 Athenis
419 896 619 955 loquens
637 902 684 941 et
702 895 761 941 de
774 895 1027 941 Minervae
1042 894 1197 955 opimo
1208 893 1400 955 templo,
1417 893 1506 940 ait:

243 971 451 1027 ’.Ενθάδε
482 996 567 1040 μεν
607 973 834 1045 ταύροισι
864 978 948 1026 καὶ
979 974 1192 1044 εἷρνειοῖς
1226 975 1446 1026 ἱλαονται

249 1066 422 1131 κοῦροι
451 1060 737 1131 Ἀθηναίων,
772 1064 1186 1131 περιτελλομένων
1232 1063 1478 1122 ἐνιαυτῶν,

111 1167 213 1221 ,nec
254 1160 367 1201 tunc
410 1159 596 1215 quoque
638 1155 759 1201 deae
801 1155 940 1201 ludos
994 1156 1202 1216 agitatos
1241 1153 1509 1213 chorosque

119 1238 289 1288 ductos
323 1255 439 1290 esse
472 1242 673 1291 dubitari
704 1249 891 1306 potest,
924 1256 1068 1303 quum
1092 1241 1192 1302 jam
1224 1241 1335 1287 Deli
1366 1241 1506 1287 inco-

117 1329 211 1392 lae,
243 1336 296 1375 ut
314 1331 539 1390 Hymnus
556 1332 604 1377 in
621 1332 891 1391 Apollinem
924 1334 1026 1385 (vs.
1051 1328 1166 1384 149)
1184 1329 1342 1390 tradit,
1375 1328 1504 1376 hunc

116 1416 257 1463 deum

179 1498 436 1565 πυγμαχίῃ
462 1518 513 1551 τε
544 1502 628 1550 καὶ
650 1497 896 1568 ὀρχηθμῷ
924 1503 1009 1551 καὶ
1040 1500 1210 1565 αἷοιόᾔ

175 1580 477 1652 μνησάμενοι
491 1586 768 1654 τέρπουσιν,
785 1583 853 1637 ὅτ’
867 1585 925 1638 ἂν
938 1583 1206 1655 στήσωνται
1222 1582 1403 1653 α’γιῢνα.
1425 1592 1441 1617 ⁷
1452 1585 1496 1645 Ἴ)

112 1689 171 1723 ao
208 1677 415 1740 fortasse
457 1680 601 1725 otiam
643 1681 888 1738 equestria
921 1682 1179 1727 certamina
1211 1686 1322 1726 sunt
1352 1677 1498 1738 edita,

110 1777 253 1824 quum
284 1765 573 1826 Menestho,
605 1767 973 1813 Atheniensium
1006 1768 1136 1827 regi,
1178 1766 1309 1813 haud
1349 1767 1496 1814 alium

108 1838 353 1896 mortalem
388 1852 627 1897 Homerus
654 1850 817 1906 (ibid.)
849 1852 978 1899 dicat
1010 1854 1058 1899 in
1089 1854 1321 1916 regendis
1350 1857 1515 1916 equis-

105 1937 258 1985 fuisse
292 1939 512 1984 similem.

199 2024 339 2074 Haud
382 2025 540 2072 minus
583 2041 699 2084 vero
746 2026 1187 2078 Panathenaeorum
1230 2032 1511 2093 antiquitas

106 2111 216 2159 inde
244 2125 430 2173 quoque
452 2120 665 2177 apparet,
698 2113 823 2173 quod
854 2119 1239 2180 posteaJonicae
1272 2121 1487 2169 coloniae

103 2199 254 2246 boves
310 2199 372 2246 ad
391 2201 706 2256 *sacrificium
754 2195 1167 2267 Panathenaicum
1215 2209 1486 2269 mittebant3

103 2286 183 2344 qui
214 2300 338 2346 mos,
370 2289 430 2348 si,
465 2302 606 2347 quam
638 2290 868 2350 religiosa
899 2274 1142 2339 sacrarum
1174 2310 1331 2341 rerum
1362 2310 1483 2345 con-

101 2373 312 2420 servatio
345 2375 468 2436 apud
501 2382 694 2422 veteres
725 2383 773 2423 et
792 2378 1148 2428 immutabilitas
1173 2381 1328 2445 fuerit,
1361 2397 1484 2434 con-

100 2459 314 2531 sideras,
347 2463 407 2508 ab
437 2463 529 2508 ullo
562 2448 654 2508 alio
685 2471 925 2526 tempore,
968 2481 1108 2526 quam
1140 2482 1232 2529 quo
1266 2473 1482 2521 coloniae

101 2548 149 2595 in
180 2548 373 2596 Joniam
404 2549 780 2616 deducebantur,
823 2554 1052 2616 originem
1083 2558 1271 2606 trahere
1303 2562 1479 2622 nequit.
