<?xml version="1.0" encoding="UTF-8"?>
<!DOCTYPE html PUBLIC "-//W3C//DTD XHTML 1.0 Transitional//EN"
    "http://www.w3.org/TR/xhtml1/DTD/xhtml1-transitional.dtd">
<html xmlns="http://www.w3.org/1999/xhtml" xml:lang="en" lang="en">
 <head>
  <title>
</title>
<meta http-equiv="Content-Type" content="text/html;charset=utf-8" />
  <meta name='ocr-system' content='tesseract 3.04.00' />
  <meta name='ocr-capabilities' content='ocr_page ocr_carea ocr_par ocr_line ocrx_word'/>
</head>
<body>
  <div class='ocr_page' id='page_1' title='image "./4622898_0031.png"; bbox 0 0 1617 3035; ppageno 0'>
   <div class='ocr_carea' id='block_1_1' title="bbox 768 218 867 273">
    <p class='ocr_par' dir='ltr' id='par_1_1' title="bbox 768 218 867 273">
     <span class='ocr_line' id='line_1_1' title="bbox 768 218 867 273; baseline 0.01 -1"><span class='ocrx_word' id='word_1_1' title='bbox 768 218 867 273; x_wconf 39' lang='lat'><strong>120</strong></span> 
     </span>
    </p>
   </div>
   <div class='ocr_carea' id='block_1_2' title="bbox 138 333 1582 2557">
    <p class='ocr_par' dir='ltr' id='par_1_2' title="bbox 144 333 1516 577">
     <span class='ocr_line' id='line_1_2' title="bbox 144 333 1515 415; baseline -0.007 -19"><span class='ocrx_word' id='word_1_2' title='bbox 144 347 352 396; x_wconf 81' lang='lat' dir='ltr'><strong>Athenis</strong></span> <span class='ocrx_word' id='word_1_3' title='bbox 367 351 521 393; x_wconf 89' lang='lat' dir='ltr'><strong>autem</strong></span> <span class='ocrx_word' id='word_1_4' title='bbox 535 342 754 403; x_wconf 84' lang='lat' dir='ltr'><strong>proprius</strong></span> <span class='ocrx_word' id='word_1_5' title='bbox 769 341 904 390; x_wconf 82' lang='lat' dir='ltr'><strong>loeus</strong></span> <span class='ocrx_word' id='word_1_6' title='bbox 928 346 1047 415; x_wconf 72' lang='lat' dir='ltr'><strong>erat²</strong></span> <span class='ocrx_word' id='word_1_7' title='bbox 1062 334 1184 407; x_wconf 69' lang='grc' dir='ltr'><strong>Ἱέρᾳ</strong></span> <span class='ocrx_word' id='word_1_8' title='bbox 1196 333 1328 404; x_wconf 68' lang='grc' dir='ltr'><strong>συκῆ</strong></span> <span class='ocrx_word' id='word_1_9' title='bbox 1340 338 1515 399; x_wconf 78' lang='lat' dir='ltr'><strong>dietus,</strong></span> 
     </span>
     <span class='ocr_line' id='line_1_3' title="bbox 146 423 1516 491; baseline -0.007 -11"><span class='ocrx_word' id='word_1_10' title='bbox 146 436 218 480; x_wconf 77' lang='lat' dir='ltr'><strong>in</strong></span> <span class='ocrx_word' id='word_1_11' title='bbox 222 445 317 489; x_wconf 88' lang='lat' dir='ltr'><strong>quo</strong></span> <span class='ocrx_word' id='word_1_12' title='bbox 347 431 526 491; x_wconf 82' lang='lat' dir='ltr'><strong>primae</strong></span> <span class='ocrx_word' id='word_1_13' title='bbox 547 428 660 475; x_wconf 90' lang='lat' dir='ltr'><strong>olim</strong></span> <span class='ocrx_word' id='word_1_14' title='bbox 678 428 803 475; x_wconf 81' lang='lat' dir='ltr'><strong>ficus</strong></span> <span class='ocrx_word' id='word_1_15' title='bbox 822 423 1078 491; x_wconf 63' lang='lat' dir='ltr'><strong>creverint,</strong></span> <span class='ocrx_word' id='word_1_16' title='bbox 1104 431 1158 474; x_wconf 91' lang='lat' dir='ltr'><strong>et</strong></span> <span class='ocrx_word' id='word_1_17' title='bbox 1177 442 1246 473; x_wconf 86' lang='lat' dir='ltr'><strong>ex</strong></span> <span class='ocrx_word' id='word_1_18' title='bbox 1267 425 1516 474; x_wconf 80' lang='lat' dir='ltr'><strong>arboribus</strong></span> 
     </span>
     <span class='ocr_line' id='line_1_4' title="bbox 144 510 1515 577; baseline -0.004 -14"><span class='ocrx_word' id='word_1_19' title='bbox 144 524 314 577; x_wconf 90' lang='lat' dir='ltr'><strong>postea</strong></span> <span class='ocrx_word' id='word_1_20' title='bbox 353 529 544 576; x_wconf 91' lang='lat' dir='ltr'><strong>quoque</strong></span> <span class='ocrx_word' id='word_1_21' title='bbox 576 516 642 562; x_wconf 91' lang='lat' dir='ltr'><strong>ibi</strong></span> <span class='ocrx_word' id='word_1_22' title='bbox 673 514 815 562; x_wconf 85' lang='lat' dir='ltr'><strong>cultis</strong></span> <span class='ocrx_word' id='word_1_23' title='bbox 845 514 1093 577; x_wconf 87' lang='lat' dir='ltr'><strong>hegetoria</strong></span> <span class='ocrx_word' id='word_1_24' title='bbox 1119 512 1405 560; x_wconf 81' lang='lat' dir='ltr'><strong>sumebatur.</strong></span> <span class='ocrx_word' id='word_1_25' title='bbox 1443 510 1515 564; x_wconf 49' lang='grc' dir='ltr'><strong>θ’)</strong></span> 
     </span>
    </p>

    <p class='ocr_par' dir='ltr' id='par_1_3' title="bbox 141 598 1521 2036">
     <span class='ocr_line' id='line_1_5' title="bbox 235 598 1517 661; baseline -0.005 -11"><span class='ocrx_word' id='word_1_26' title='bbox 235 603 397 651; x_wconf 74' lang='lat' dir='ltr'><strong>Finita</strong></span> <span class='ocrx_word' id='word_1_27' title='bbox 428 609 587 649; x_wconf 87' lang='lat' dir='ltr'><strong>autem</strong></span> <span class='ocrx_word' id='word_1_28' title='bbox 618 601 912 648; x_wconf 80' lang='lat' dir='ltr'><strong>sollemnitas</strong></span> <span class='ocrx_word' id='word_1_29' title='bbox 954 606 1030 648; x_wconf 86' lang='lat' dir='ltr'><strong>est</strong></span> <span class='ocrx_word' id='word_1_30' title='bbox 1060 601 1209 661; x_wconf 85' lang='lat' dir='ltr'><strong>orgiis</strong></span> <span class='ocrx_word' id='word_1_31' title='bbox 1239 598 1517 658; x_wconf 79' lang='lat' dir='ltr'><strong>mysteriis·-</strong></span> 
     </span>
     <span class='ocr_line' id='line_1_6' title="bbox 146 683 1519 751; baseline -0.006 -15"><span class='ocrx_word' id='word_1_32' title='bbox 146 703 257 751; x_wconf 82' lang='lat' dir='ltr'><strong>que‚</strong></span> <span class='ocrx_word' id='word_1_33' title='bbox 290 703 411 749; x_wconf 90' lang='lat' dir='ltr'><strong>quae</strong></span> <span class='ocrx_word' id='word_1_34' title='bbox 443 689 655 749; x_wconf 87' lang='lat' dir='ltr'><strong>Agraulo</strong></span> <span class='ocrx_word' id='word_1_35' title='bbox 688 684 759 740; x_wconf 80' lang='lat'><strong>³⁸)</strong></span> <span class='ocrx_word' id='word_1_36' title='bbox 783 688 1051 746; x_wconf 81' lang='lat' dir='ltr'><strong>agebantur</strong></span> <span class='ocrx_word' id='word_1_37' title='bbox 1080 687 1139 733; x_wconf 82' lang='lat' dir='ltr'><strong>in·</strong></span> <span class='ocrx_word' id='word_1_38' title='bbox 1159 683 1519 733; x_wconf 77' lang='lat' dir='ltr'><strong>horrifice-luco</strong></span> 
     </span>
     <span class='ocr_line' id='line_1_7' title="bbox 145 769 1518 834; baseline -0.004 -12"><span class='ocrx_word' id='word_1_39' title='bbox 145 777 234 823; x_wconf 90' lang='lat' dir='ltr'><strong>sub</strong></span> <span class='ocrx_word' id='word_1_40' title='bbox 276 775 404 819; x_wconf 85' lang='lat' dir='ltr'><strong>areis</strong></span> <span class='ocrx_word' id='word_1_41' title='bbox 441 772 801 834; x_wconf 75' lang='lat' dir='ltr'><strong>septentrionali</strong></span> <span class='ocrx_word' id='word_1_42' title='bbox 838 778 973 834; x_wconf 87' lang='lat' dir='ltr'><strong>parte</strong></span> <span class='ocrx_word' id='word_1_43' title='bbox 1005 773 1099 819; x_wconf 91' lang='lat' dir='ltr'><strong>sito</strong></span> <span class='ocrx_word' id='word_1_44' title='bbox 1112 779 1181 818; x_wconf 60' lang='lat' dir='ltr'><strong>*et</strong></span> <span class='ocrx_word' id='word_1_45' title='bbox 1211 773 1275 819; x_wconf 80' lang='lat' dir='ltr'><strong>ab</strong></span> <span class='ocrx_word' id='word_1_46' title='bbox 1305 769 1518 823; x_wconf 82' lang='lat' dir='ltr'><strong>excelsis</strong></span> 
     </span>
     <span class='ocr_line' id='line_1_8' title="bbox 144 858 1516 924; baseline -0.004 -17"><span class='ocrx_word' id='word_1_47' title='bbox 144 860 386 920; x_wconf 88' lang='lat' dir='ltr'><strong>Pelasgiei</strong></span> <span class='ocrx_word' id='word_1_48' title='bbox 406 859 526 907; x_wconf 88' lang='lat' dir='ltr'><strong>muri</strong></span> <span class='ocrx_word' id='word_1_49' title='bbox 557 858 754 919; x_wconf 82' lang='lat' dir='ltr'><strong>rupibus</strong></span> <span class='ocrx_word' id='word_1_50' title='bbox 786 859 1075 924; x_wconf 81' lang='lat' dir='ltr'><strong>obumbrato.</strong></span> <span class='ocrx_word' id='word_1_51' title='bbox 1136 858 1226 905; x_wconf 86' lang='lat' dir='ltr'><strong>Bis</strong></span> <span class='ocrx_word' id='word_1_52' title='bbox 1247 870 1367 904; x_wconf 86' lang='lat' dir='ltr'><strong>vere</strong></span> <span class='ocrx_word' id='word_1_53' title='bbox 1391 868 1516 916; x_wconf 89' lang='lat' dir='ltr'><strong>quo-</strong></span> 
     </span>
     <span class='ocr_line' id='line_1_9' title="bbox 144 926 1518 1007; baseline -0.004 -14"><span class='ocrx_word' id='word_1_54' title='bbox 144 948 223 993; x_wconf 87' lang='lat' dir='ltr'><strong>vis</strong></span> <span class='ocrx_word' id='word_1_55' title='bbox 265 960 389 992; x_wconf 88' lang='lat' dir='ltr'><strong>anno</strong></span> <span class='ocrx_word' id='word_1_56' title='bbox 430 946 553 992; x_wconf 83' lang='lat' dir='ltr'><strong>haee</strong></span> <span class='ocrx_word' id='word_1_57' title='bbox 586 944 787 1007; x_wconf 86' lang='lat' dir='ltr'><strong>Agrauli</strong></span> <span class='ocrx_word' id='word_1_58' title='bbox 817 926 1058 1006; x_wconf 24' lang='lat' dir='ltr'><strong>mysteria*</strong></span> <span class='ocrx_word' id='word_1_59' title='bbox 1079 945 1224 1005; x_wconf 81' lang='lat' dir='ltr'><strong>fiunt,</strong></span> <span class='ocrx_word' id='word_1_60' title='bbox 1255 942 1518 1004; x_wconf 78' lang='lat' dir='ltr'><strong>Plynteriis</strong></span> 
     </span>
     <span class='ocr_line' id='line_1_10' title="bbox 145 1025 1519 1094; baseline -0.002 -17"><span class='ocrx_word' id='word_1_61' title='bbox 145 1039 330 1079; x_wconf 82' lang='lat' dir='ltr'><strong>aestate</strong></span> <span class='ocrx_word' id='word_1_62' title='bbox 370 1033 652 1094; x_wconf 76' lang='lat' dir='ltr'><strong>incipiente,</strong></span> <span class='ocrx_word' id='word_1_63' title='bbox 705 1038 847 1092; x_wconf 86' lang='lat' dir='ltr'><strong>atque</strong></span> <span class='ocrx_word' id='word_1_64' title='bbox 884 1037 1090 1079; x_wconf 87' lang='lat' dir='ltr'><strong>exeunte</strong></span> <span class='ocrx_word' id='word_1_65' title='bbox 1131 1029 1391 1092; x_wconf 83' lang='lat' dir='ltr'><strong>Aglauriis.</strong></span> <span class='ocrx_word' id='word_1_66' title='bbox 1442 1025 1519 1085; x_wconf 77' lang='lat'><strong>⁸⁹)</strong></span> 
     </span>
     <span class='ocr_line' id='line_1_11' title="bbox 145 1116 1520 1178; baseline -0.004 -14"><span class='ocrx_word' id='word_1_67' title='bbox 145 1118 303 1165; x_wconf 83' lang='lat' dir='ltr'><strong>Etiam</strong></span> <span class='ocrx_word' id='word_1_68' title='bbox 335 1118 416 1164; x_wconf 86' lang='lat' dir='ltr'><strong>hie</strong></span> <span class='ocrx_word' id='word_1_69' title='bbox 447 1116 554 1163; x_wconf 89' lang='lat' dir='ltr'><strong>dies</strong></span> <span class='ocrx_word' id='word_1_70' title='bbox 584 1118 756 1177; x_wconf 73' lang='lat' dir='ltr'><strong>festus⁷</strong></span> <span class='ocrx_word' id='word_1_71' title='bbox 787 1118 986 1164; x_wconf 84' lang='lat' dir='ltr'><strong>tetricus</strong></span> <span class='ocrx_word' id='word_1_72' title='bbox 1017 1118 1067 1164; x_wconf 89' lang='lat' dir='ltr'><strong>in</strong></span> <span class='ocrx_word' id='word_1_73' title='bbox 1086 1117 1253 1178; x_wconf 88' lang='lat' dir='ltr'><strong>primis</strong></span> <span class='ocrx_word' id='word_1_74' title='bbox 1287 1123 1337 1163; x_wconf 90' lang='lat' dir='ltr'><strong>et</strong></span> <span class='ocrx_word' id='word_1_75' title='bbox 1367 1117 1520 1162; x_wconf 89' lang='lat' dir='ltr'><strong>tristis</strong></span> 
     </span>
     <span class='ocr_line' id='line_1_12' title="bbox 145 1191 1518 1265; baseline -0.001 -16"><span class='ocrx_word' id='word_1_76' title='bbox 145 1191 243 1265; x_wconf 55' lang='lat' dir='ltr'><strong>estJ</strong></span> <span class='ocrx_word' id='word_1_77' title='bbox 267 1217 379 1249; x_wconf 86' lang='lat' dir='ltr'><strong>nam</strong></span> <span class='ocrx_word' id='word_1_78' title='bbox 409 1204 489 1250; x_wconf 90' lang='lat' dir='ltr'><strong>illo</strong></span> <span class='ocrx_word' id='word_1_79' title='bbox 516 1210 727 1264; x_wconf 86' lang='lat' dir='ltr'><strong>tempore</strong></span> <span class='ocrx_word' id='word_1_80' title='bbox 748 1202 1042 1264; x_wconf 87' lang='lat' dir='ltr'><strong>Agraulidae</strong></span> <span class='ocrx_word' id='word_1_81' title='bbox 1073 1216 1285 1265; x_wconf 80' lang='lat' dir='ltr'><strong>sorores,</strong></span> <span class='ocrx_word' id='word_1_82' title='bbox 1317 1207 1518 1263; x_wconf 85' lang='lat' dir='ltr'><strong>postea-</strong></span> 
     </span>
     <span class='ocr_line' id='line_1_13' title="bbox 143 1286 1517 1349; baseline -0.001 -15"><span class='ocrx_word' id='word_1_83' title='bbox 143 1302 284 1348; x_wconf 83' lang='lat' dir='ltr'><strong>quam</strong></span> <span class='ocrx_word' id='word_1_84' title='bbox 293 1288 664 1335; x_wconf 79' lang='lat' dir='ltr'><strong>Ereehthonium</strong></span> <span class='ocrx_word' id='word_1_85' title='bbox 681 1290 970 1349; x_wconf 83' lang='lat' dir='ltr'><strong>anguineum</strong></span> <span class='ocrx_word' id='word_1_86' title='bbox 984 1287 1223 1349; x_wconf 80' lang='lat' dir='ltr'><strong>viderunt,</strong></span> <span class='ocrx_word' id='word_1_87' title='bbox 1242 1286 1517 1335; x_wconf 86' lang='lat' dir='ltr'><strong>furibundae</strong></span> 
     </span>
     <span class='ocr_line' id='line_1_14' title="bbox 143 1363 1519 1438; baseline -0.001 -16"><span class='ocrx_word' id='word_1_88' title='bbox 143 1388 198 1422; x_wconf 87' lang='lat' dir='ltr'><strong>se</strong></span> <span class='ocrx_word' id='word_1_89' title='bbox 209 1375 358 1423; x_wconf 75' lang='lat' dir='ltr'><strong>morti</strong></span> <span class='ocrx_word' id='word_1_90' title='bbox 393 1375 755 1437; x_wconf 83' lang='lat' dir='ltr'><strong>commiserunt3</strong></span> <span class='ocrx_word' id='word_1_91' title='bbox 788 1388 848 1423; x_wconf 88' lang='lat' dir='ltr'><strong>ae</strong></span> <span class='ocrx_word' id='word_1_92' title='bbox 876 1374 1063 1436; x_wconf 84' lang='lat' dir='ltr'><strong>placida</strong></span> <span class='ocrx_word' id='word_1_93' title='bbox 1089 1363 1271 1438; x_wconf 79' lang='lat' dir='ltr'><strong>aestas,</strong></span> <span class='ocrx_word' id='word_1_94' title='bbox 1294 1388 1437 1436; x_wconf 88' lang='lat' dir='ltr'><strong>quam</strong></span> <span class='ocrx_word' id='word_1_95' title='bbox 1468 1376 1519 1420; x_wconf 88' lang='lat' dir='ltr'><strong>in</strong></span> 
     </span>
     <span class='ocr_line' id='line_1_15' title="bbox 142 1447 1519 1525; baseline 0.001 -19"><span class='ocrx_word' id='word_1_96' title='bbox 142 1466 387 1507; x_wconf 84' lang='lat' dir='ltr'><strong>aeternum</strong></span> <span class='ocrx_word' id='word_1_97' title='bbox 406 1447 670 1507; x_wconf 71' lang='lat' dir='ltr'><strong>eontinuari</strong></span> <span class='ocrx_word' id='word_1_98' title='bbox 689 1462 1007 1522; x_wconf 82' lang='lat' dir='ltr'><strong>nequicquam</strong></span> <span class='ocrx_word' id='word_1_99' title='bbox 1024 1462 1289 1525; x_wconf 80' lang='lat' dir='ltr'><strong>cupierunt,</strong></span> <span class='ocrx_word' id='word_1_100' title='bbox 1305 1454 1362 1509; x_wconf 49' lang='lat' dir='ltr'><strong>et*</strong></span> <span class='ocrx_word' id='word_1_101' title='bbox 1376 1471 1519 1522; x_wconf 83' lang='lat' dir='ltr'><strong>quam</strong></span> 
     </span>
     <span class='ocr_line' id='line_1_16' title="bbox 143 1542 1521 1609; baseline -0.001 -15"><span class='ocrx_word' id='word_1_102' title='bbox 143 1554 198 1594; x_wconf 90' lang='lat' dir='ltr'><strong>ut</strong></span> <span class='ocrx_word' id='word_1_103' title='bbox 211 1547 456 1604; x_wconf 59' lang='lat' dir='ltr'><strong>retineat,</strong></span> <span class='ocrx_word' id='word_1_104' title='bbox 488 1548 596 1606; x_wconf 91' lang='lat' dir='ltr'><strong>ipsa</strong></span> <span class='ocrx_word' id='word_1_105' title='bbox 626 1547 851 1593; x_wconf 89' lang='lat' dir='ltr'><strong>Minerva</strong></span> <span class='ocrx_word' id='word_1_106' title='bbox 880 1546 1133 1594; x_wconf 86' lang='lat' dir='ltr'><strong>invalidior</strong></span> <span class='ocrx_word' id='word_1_107' title='bbox 1152 1542 1254 1609; x_wconf 80' lang='lat' dir='ltr'><strong>sit,</strong></span> <span class='ocrx_word' id='word_1_108' title='bbox 1297 1553 1521 1609; x_wconf 83' lang='lat' dir='ltr'><strong>superata</strong></span> 
     </span>
     <span class='ocr_line' id='line_1_17' title="bbox 143 1632 1519 1693; baseline -0.001 -12"><span class='ocrx_word' id='word_1_109' title='bbox 143 1632 205 1681; x_wconf 90' lang='lat' dir='ltr'><strong>ab</strong></span> <span class='ocrx_word' id='word_1_110' title='bbox 243 1634 498 1681; x_wconf 88' lang='lat' dir='ltr'><strong>inamoena</strong></span> <span class='ocrx_word' id='word_1_111' title='bbox 536 1632 697 1679; x_wconf 87' lang='lat' dir='ltr'><strong>hieme</strong></span> <span class='ocrx_word' id='word_1_112' title='bbox 722 1632 921 1693; x_wconf 84' lang='lat' dir='ltr'><strong>aufugit.</strong></span> <span class='ocrx_word' id='word_1_113' title='bbox 948 1640 952 1642; x_wconf 82' lang='grc'><strong>’</strong></span> <span class='ocrx_word' id='word_1_114' title='bbox 982 1633 1038 1680; x_wconf 93' lang='lat' dir='ltr'>N</span> <span class='ocrx_word' id='word_1_115' title='bbox 1037 1646 1097 1681; x_wconf 80' lang='lat' dir='ltr'><strong>ee</strong></span> <span class='ocrx_word' id='word_1_116' title='bbox 1130 1634 1393 1681; x_wconf 87' lang='lat' dir='ltr'><strong>verisimile</strong></span> <span class='ocrx_word' id='word_1_117' title='bbox 1424 1647 1519 1680; x_wconf 89' lang='lat' dir='ltr'><strong>non</strong></span> 
     </span>
     <span class='ocr_line' id='line_1_18' title="bbox 144 1718 1517 1782; baseline 0.001 -17"><span class='ocrx_word' id='word_1_118' title='bbox 144 1726 244 1782; x_wconf 70' lang='lat' dir='ltr'><strong>est,</strong></span> <span class='ocrx_word' id='word_1_119' title='bbox 281 1719 549 1778; x_wconf 86' lang='lat' dir='ltr'><strong>antiquiore</strong></span> <span class='ocrx_word' id='word_1_120' title='bbox 580 1725 741 1765; x_wconf 89' lang='lat' dir='ltr'><strong>aetate</strong></span> <span class='ocrx_word' id='word_1_121' title='bbox 773 1718 894 1765; x_wconf 87' lang='lat' dir='ltr'><strong>adeo</strong></span> <span class='ocrx_word' id='word_1_122' title='bbox 925 1718 1170 1778; x_wconf 79' lang='lat' dir='ltr'><strong>homines,</strong></span> <span class='ocrx_word' id='word_1_123' title='bbox 1202 1726 1266 1780; x_wconf 26' lang='lat' dir='ltr'><strong>ut·</strong></span> <span class='ocrx_word' id='word_1_124' title='bbox 1284 1720 1517 1782; x_wconf 86' lang='lat' dir='ltr'><strong>Agrauli-</strong></span> 
     </span>
     <span class='ocr_line' id='line_1_19' title="bbox 142 1805 1519 1866; baseline 0.001 -14"><span class='ocrx_word' id='word_1_125' title='bbox 142 1805 308 1853; x_wconf 88' lang='lat' dir='ltr'><strong>darum</strong></span> <span class='ocrx_word' id='word_1_126' title='bbox 337 1812 536 1852; x_wconf 89' lang='lat' dir='ltr'><strong>mortem</strong></span> <span class='ocrx_word' id='word_1_127' title='bbox 566 1811 985 1866; x_wconf 85' lang='lat' dir='ltr'><strong>repraesentantes</strong></span> <span class='ocrx_word' id='word_1_128' title='bbox 1006 1807 1271 1854; x_wconf 87' lang='lat' dir='ltr'><strong>immolatos</strong></span> <span class='ocrx_word' id='word_1_129' title='bbox 1297 1821 1437 1866; x_wconf 86' lang='lat' dir='ltr'><strong>esse;</strong></span> <span class='ocrx_word' id='word_1_130' title='bbox 1469 1807 1519 1853; x_wconf 91' lang='lat' dir='ltr'><strong>id</strong></span> 
     </span>
     <span class='ocr_line' id='line_1_20' title="bbox 142 1888 1518 1963; baseline 0.004 -26"><span class='ocrx_word' id='word_1_131' title='bbox 142 1888 268 1963; x_wconf 83' lang='lat' dir='ltr'><strong>qued</strong></span> <span class='ocrx_word' id='word_1_132' title='bbox 312 1891 437 1951; x_wconf 90' lang='lat' dir='ltr'><strong>aqud</strong></span> <span class='ocrx_word' id='word_1_133' title='bbox 485 1891 675 1952; x_wconf 84' lang='lat' dir='ltr'><strong>Cypros</strong></span> <span class='ocrx_word' id='word_1_134' title='bbox 716 1897 846 1939; x_wconf 83' lang='lat' dir='ltr'><strong>certe</strong></span> <span class='ocrx_word' id='word_1_135' title='bbox 886 1892 1127 1942; x_wconf 86' lang='lat' dir='ltr'><strong>Salamine</strong></span> <span class='ocrx_word' id='word_1_136' title='bbox 1181 1894 1296 1942; x_wconf 88' lang='lat' dir='ltr'><strong>urbe</strong></span> <span class='ocrx_word' id='word_1_137' title='bbox 1341 1891 1518 1942; x_wconf 80' lang='lat' dir='ltr'><strong>factum</strong></span> 
     </span>
     <span class='ocr_line' id='line_1_21' title="bbox 141 1976 827 2036; baseline -0.003 -12"><span class='ocrx_word' id='word_1_138' title='bbox 141 1990 257 2024; x_wconf 85' lang='lat' dir='ltr'><strong>esse</strong></span> <span class='ocrx_word' id='word_1_139' title='bbox 290 1976 468 2024; x_wconf 86' lang='lat' dir='ltr'><strong>diserte</strong></span> <span class='ocrx_word' id='word_1_140' title='bbox 499 1976 713 2025; x_wconf 84' lang='lat' dir='ltr'><strong>traditur.</strong></span> <span class='ocrx_word' id='word_1_141' title='bbox 749 1976 827 2036; x_wconf 82' lang='lat'><strong>⁴²⁰)</strong></span> 
     </span>
    </p>

    <p class='ocr_par' dir='ltr' id='par_1_4' title="bbox 138 2061 1582 2557">
     <span class='ocr_line' id='line_1_22' title="bbox 236 2061 1518 2129; baseline 0.004 -19"><span class='ocrx_word' id='word_1_142' title='bbox 236 2061 339 2110; x_wconf 85' lang='lat' dir='ltr'><strong>Sed</strong></span> <span class='ocrx_word' id='word_1_143' title='bbox 373 2078 495 2123; x_wconf 88' lang='lat' dir='ltr'><strong>quae</strong></span> <span class='ocrx_word' id='word_1_144' title='bbox 529 2069 606 2109; x_wconf 91' lang='lat' dir='ltr'><strong>est</strong></span> <span class='ocrx_word' id='word_1_145' title='bbox 637 2063 803 2110; x_wconf 90' lang='lat' dir='ltr'><strong>horum</strong></span> <span class='ocrx_word' id='word_1_146' title='bbox 835 2068 1042 2114; x_wconf 91' lang='lat' dir='ltr'><strong>omnium</strong></span> <span class='ocrx_word' id='word_1_147' title='bbox 1069 2068 1407 2129; x_wconf 85' lang='lat' dir='ltr'><strong>mysteriorum</strong></span> <span class='ocrx_word' id='word_1_148' title='bbox 1438 2070 1518 2115; x_wconf 84' lang='lat' dir='ltr'><strong>vis</strong></span> 
     </span>
     <span class='ocr_line' id='line_1_23' title="bbox 139 2144 1519 2215; baseline 0.004 -19"><span class='ocrx_word' id='word_1_149' title='bbox 139 2156 284 2211; x_wconf 87' lang='lat' dir='ltr'><strong>atque</strong></span> <span class='ocrx_word' id='word_1_150' title='bbox 318 2144 689 2195; x_wconf 70' lang='lat' dir='ltr'><strong>consilium2—</strong></span> <span class='ocrx_word' id='word_1_151' title='bbox 718 2150 877 2212; x_wconf 88' lang='lat' dir='ltr'><strong>Supra</strong></span> <span class='ocrx_word' id='word_1_152' title='bbox 902 2152 1003 2213; x_wconf 88' lang='lat' dir='ltr'><strong>jam</strong></span> <span class='ocrx_word' id='word_1_153' title='bbox 1036 2152 1263 2215; x_wconf 75' lang='lat' dir='ltr'><strong>diximuS‚</strong></span> <span class='ocrx_word' id='word_1_154' title='bbox 1296 2151 1519 2202; x_wconf 79' lang='lat' dir='ltr'><strong>Graeco·</strong></span> 
     </span>
     <span class='ocr_line' id='line_1_24' title="bbox 138 2229 1582 2308; baseline 0.003 -25"><span class='ocrx_word' id='word_1_155' title='bbox 138 2250 242 2283; x_wconf 91' lang='lat' dir='ltr'><strong>rum</strong></span> <span class='ocrx_word' id='word_1_156' title='bbox 275 2236 396 2283; x_wconf 87' lang='lat' dir='ltr'><strong>deos</strong></span> <span class='ocrx_word' id='word_1_157' title='bbox 428 2234 648 2308; x_wconf 84' lang='lat' dir='ltr'><strong>quamvis</strong></span> <span class='ocrx_word' id='word_1_158' title='bbox 678 2238 782 2295; x_wconf 89' lang='lat' dir='ltr'><strong>puri</strong></span> <span class='ocrx_word' id='word_1_159' title='bbox 816 2239 913 2286; x_wconf 88' lang='lat' dir='ltr'><strong>sint</strong></span> <span class='ocrx_word' id='word_1_160' title='bbox 944 2234 1086 2300; x_wconf 89' lang='lat' dir='ltr'><strong>a&#39;tque</strong></span> <span class='ocrx_word' id='word_1_161' title='bbox 1118 2239 1320 2304; x_wconf 72' lang='lat' dir='ltr'><strong>excelsi,</strong></span> <span class='ocrx_word' id='word_1_162' title='bbox 1359 2246 1519 2288; x_wconf 84' lang='lat' dir='ltr'><strong>tamen</strong></span> <span class='ocrx_word' id='word_1_163' title='bbox 1577 2229 1582 2232; x_wconf 54' lang='grc'><strong><em>’</em></strong></span> 
     </span>
     <span class='ocr_line' id='line_1_25' title="bbox 139 2323 1516 2387; baseline 0.005 -20"><span class='ocrx_word' id='word_1_164' title='bbox 139 2324 269 2370; x_wconf 87' lang='lat' dir='ltr'><strong>vitae</strong></span> <span class='ocrx_word' id='word_1_165' title='bbox 298 2323 454 2369; x_wconf 88' lang='lat' dir='ltr'><strong>solam</strong></span> <span class='ocrx_word' id='word_1_166' title='bbox 486 2327 671 2382; x_wconf 86' lang='lat' dir='ltr'><strong>partem</strong></span> <span class='ocrx_word' id='word_1_167' title='bbox 698 2324 982 2387; x_wconf 82' lang='lat' dir='ltr'><strong>exprimere,</strong></span> <span class='ocrx_word' id='word_1_168' title='bbox 1013 2331 1161 2372; x_wconf 88' lang='lat' dir='ltr'><strong>totam</strong></span> <span class='ocrx_word' id='word_1_169' title='bbox 1186 2339 1302 2373; x_wconf 83' lang='lat' dir='ltr'><strong>vero</strong></span> <span class='ocrx_word' id='word_1_170' title='bbox 1335 2326 1516 2375; x_wconf 69' lang='lat' dir='ltr'><strong>divini-</strong></span> 
     </span>
     <span class='ocr_line' id='line_1_26' title="bbox 140 2409 1518 2475; baseline 0.004 -20"><span class='ocrx_word' id='word_1_171' title='bbox 140 2410 253 2456; x_wconf 89' lang='lat' dir='ltr'><strong>tatis</strong></span> <span class='ocrx_word' id='word_1_172' title='bbox 297 2410 540 2457; x_wconf 89' lang='lat' dir='ltr'><strong>notionem</strong></span> <span class='ocrx_word' id='word_1_173' title='bbox 571 2409 765 2469; x_wconf 85' lang='lat' dir='ltr'><strong>explere</strong></span> <span class='ocrx_word' id='word_1_174' title='bbox 804 2424 897 2458; x_wconf 92' lang='lat' dir='ltr'><strong>non</strong></span> <span class='ocrx_word' id='word_1_175' title='bbox 938 2414 1171 2474; x_wconf 85' lang='lat' dir='ltr'><strong>potuisse.</strong></span> <span class='ocrx_word' id='word_1_176' title='bbox 1235 2415 1395 2475; x_wconf 83' lang='lat' dir='ltr'><strong>Atque</strong></span> <span class='ocrx_word' id='word_1_177' title='bbox 1426 2429 1518 2461; x_wconf 86' lang='lat' dir='ltr'><strong>ve-</strong></span> 
     </span>
     <span class='ocr_line' id='line_1_27' title="bbox 144 2495 1519 2557; baseline 0.004 -16"><span class='ocrx_word' id='word_1_178' title='bbox 144 2495 334 2542; x_wconf 81' lang='lat' dir='ltr'><strong>rissime</strong></span> <span class='ocrx_word' id='word_1_179' title='bbox 383 2496 572 2557; x_wconf 84' lang='lat' dir='ltr'><strong>Wolfg.</strong></span> <span class='ocrx_word' id='word_1_180' title='bbox 627 2497 878 2545; x_wconf 83' lang='lat' dir='ltr'><strong>Menzel</strong></span> <span class='ocrx_word' id='word_1_181' title='bbox 934 2502 979 2546; x_wconf 89' lang='lat' dir='ltr'><strong>in</strong></span> <span class='ocrx_word' id='word_1_182' title='bbox 1041 2501 1182 2548; x_wconf 89' lang='lat' dir='ltr'><strong>libro:</strong></span> <span class='ocrx_word' id='word_1_183' title='bbox 1240 2499 1383 2549; x_wconf 73' lang='lat' dir='ltr'><strong>Geist</strong></span> <span class='ocrx_word' id='word_1_184' title='bbox 1433 2500 1519 2548; x_wconf 90' lang='lat' dir='ltr'><strong>der</strong></span> 
     </span>
    </p>
   </div>
  </div>
 </body>
</html>
