1617 3035
757 199 831 256 36

204 332 306 380 Sed
328 332 374 378 in
402 328 688 377 obscuritate
714 324 918 385 quadam
943 331 1220 370 manserunt
1236 324 1485 373 Panathea

109 435 230 467 naea
244 412 334 465 nec
348 420 393 463 in
405 414 744 475 antiquioribus
754 410 936 473 mythis
949 423 1159 471 unquam
1170 424 1333 457 eorum
1344 426 1487 459 men-

111 509 176 554 tio
200 507 266 552 fit.
315 505 495 550 Postea
519 516 654 564 vero,
687 499 814 547 ludis
840 498 1046 561 publicis
1073 496 1231 558 magis
1262 495 1311 543 in
1343 511 1486 545 usum

110 592 408 641 venientibus
451 596 501 637 et
541 588 810 656 Olympae*
855 588 1157 649 potissimum
1198 583 1487 648 Pythiisque

110 681 169 729 ab
203 694 329 728 omni
363 677 572 726 Graecia
604 661 843 721 celebrari
863 675 1075 737 coeptis,
1116 674 1489 721 Panathenaeo-
1557 671 1560 673 ’

110 783 213 816 rum
256 778 440 828 quoque
474 762 738 810 certamina
780 760 841 808 ad
873 760 1056 806 illorum
1089 761 1335 822 exemplar
1367 775 1489 808 con-

108 855 304 902 formata
329 857 377 898 et
403 850 592 896 exculta
616 849 815 895 clariora
839 847 1061 895 evasisse
1087 846 1323 894 videntur.
1374 848 1489 893 Ne-

109 951 200 1002 que
233 940 376 985 nimis
409 936 585 983 audere
617 935 735 981 mihi
766 934 949 997 videor,
982 934 1028 980 si
1060 932 1251 994 olymp.
1283 934 1408 999 Lm,
1438 931 1488 994 3,

109 1024 392 1089 Hippoclide
425 1024 674 1085 archonte,
706 1038 751 1070 a.
784 1022 901 1070 Chr.
932 1019 1053 1085 566,
1085 1021 1134 1069 id
1165 1007 1343 1070 sactum
1374 1037 1490 1071 esse

112 1113 333 1178 conjicio.
408 1111 486 1157 Ad
528 1124 671 1171 quum
714 1124 888 1157 annum
918 1110 1160 1157 Eusebius
1192 1110 1492 1159 annotaverit

109 1201 255 1247 haec:
318 1191 369 1243 ‘0
398 1195 492 1243 τῶν
528 1190 890 1258 Παναθηναίων
921 1192 1150 1258 γυμνικὸς
1185 1189 1314 1258 αγαὶν
1336 1189 1490 1264 ἤχθη.

109 1287 336 1333 Fortasse
356 1291 468 1330 tunc
489 1283 689 1343 primum
717 1282 956 1342 proprium
977 1280 1102 1329 ludis
1122 1280 1333 1329 stadium
1348 1283 1490 1331 aedi-

109 1372 314 1430 ficatum,
348 1369 523 1432 proprii
538 1368 845 1417 atheothetae
866 1368 954 1417 rite
974 1369 1117 1417 electi
1134 1352 1313 1431 aliique
1335 1386 1490 1434 appa-

60 1443 72 1457 ⁵
110 1467 242 1509 ratus
272 1459 385 1505 facti
416 1464 553 1517 sunt,
600 1463 652 1503 ut
681 1457 778 1503 ludi
811 1455 1027 1518 digniore
1059 1457 1197 1504 modo
1229 1464 1372 1519 atque
1405 1460 1490 1520 ita,

111 1557 163 1595 ut
205 1547 457 1608 Olympiae
493 1543 592 1604 jam
636 1551 917 1591 consuetum
952 1553 1110 1606 esset,
1157 1546 1235 1593 edi
1275 1553 1491 1606 possent.

111 1634 240 1680 Hinc
281 1646 395 1679 vero
428 1644 571 1692 quum
605 1632 709 1678 fieri
741 1645 833 1677 non
865 1637 1057 1692 posset,
1091 1631 1205 1693 quin
1238 1639 1493 1695 sumptuo-

112 1723 238 1767 siora
270 1718 507 1778 impendia
540 1724 589 1763 et
621 1732 759 1763 omne
791 1719 1023 1764 sollemne
1044 1719 1233 1765 auctius
1264 1720 1492 1782 magnifi-

111 1807 392 1866 centiusque
424 1804 674 1868 evaderet,
718 1803 1029 1865 olympiacos
1071 1803 1208 1852 ludos
1251 1821 1310 1853 eo
1343 1807 1491 1853 etiam

112 1894 280 1941 imitati
319 1906 432 1939 esse
473 1892 722 1951 videntur,
777 1888 903 1951 quod
953 1884 1079 1938 hanc
1121 1892 1493 1954 splendidiorem

112 1981 471 2029 celebrationem
512 1982 615 2026 solo
656 1985 820 2039 quarto
852 1993 1039 2040 quoque
1070 1995 1194 2027 anno
1225 1995 1493 2043 proseque-

111 2076 290 2118 rentur.
369 2065 528 2125 Quam
561 2068 618 2115 ob
650 2073 748 2114 'rem
781 2068 840 2115 ab
872 2068 953 2116 illa
984 2068 1172 2116 demum
1206 2066 1493 2130 Olympiade

113 2157 371 2203 discrimen
419 2169 532 2200 esse
581 2147 760 2201 factum
808 2156 934 2203 inter
982 2155 1160 2216 majora
1212 2161 1260 2203 et
1310 2156 1494 2205 minora

113 2244 453 2291 Panathenaea
483 2233 612 2303 puto.
675 2244 828 2306 Nam,
860 2259 922 2291 ne
944 2248 1161 2292 ,annuam
1193 2245 1493 2304 sollemnita-

115 2338 209 2377 tem
242 2337 291 2378 et
312 2344 503 2378 sacrum
530 2330 765 2391 tollerent,
796 2331 1027 2393 religione
1053 2331 1273 2393 prohibiti
1300 2333 1495 2380 tenuio-

115 2431 217 2465 rem
267 2427 423 2465 tamen
476 2418 845 2466 celebrationem
894 2421 1148 2481 minusque
1195 2419 1495 2482 splendidam

115 2506 341 2554 fecerunt.
411 2508 591 2571 Magna
641 2513 801 2556 autem
848 2507 1170 2558 Athenienses
1217 2522 1307 2557 suo
1354 2506 1496 2556 modo
